3570 5724
830 275 1010 369 Prologus.
1598 277 1625 363 3
1684 351 1700 364 „

214 493 306 583 aula
336 499 379 580 ot
406 502 600 608 operetur
627 495 848 594 iustitiamr
877 497 947 609 qui
976 495 1159 608 loquitur
1182 497 1396 583 veritatem
1425 495 1468 581 iu
1499 497 1625 582 o'orsle

215 665 308 736 auor
351 637 422 746 qui
461 666 545 724 uon
585 637 673 749 egit
710 638 849 723 dolum
886 636 928 722 iu
967 636 1112 748 lingna
1150 665 1246 737 suar
1287 640 1358 749 qui
1400 667 1484 724 uon
1518 636 1625 759 ¹l‘eoit

214 777 403 890 proximo
431 807 506 864 sno
535 779 711 878 malnm;
741 778 811 890 qni
840 777 1106 889 opprobrium
1135 808 1218 865 noo
1246 780 1405 890 aceepit
1427 763 1624 864 'adversus
1757 778 1783 898 -l

215 919 445 1031 proximum
475 949 614 1019 snamr
643 919 715 1032 qui
743 919 969 1032 malignum
989 921 1196 1008 diabolum
1220 921 1360 1031 aliqua
1386 921 1624 1007 suadentem
1707 925 1710 932 ’
1781 911 1783 1008 ἶ

215 1061 291 1145 sibi
320 1089 412 1146 oam
443 1061 531 1172 ipsa
552 1063 742 1148 suasione
757 1089 829 1147 sua
844 1090 870 1147 a
888 1061 1176 1174 conspectibus
1193 1061 1326 1146 eorslis
1349 1061 1411 1146 sui
1432 1089 1625 1172 respuens
1781 1051 1783 1160 Ξ

215 1202 386 1289 derlnxit
420 1201 472 1286 orl
514 1203 690 1288 uilrilum
731 1208 775 1288 et
813 1200 1006 1314 parrulos
1042 1203 1247 1313 eogitntns
1285 1201 1373 1310 ojus
1414 1201 1548 1286 tenurit
1585 1207 1627 1284 et
1781 1179 1783 1200 ¹

214 1343 340 1430 allisit
367 1343 417 1428 orl
442 1341 673 1444 Chrbtnmr
703 1345 771 1456 qui
802 1347 991 1431 timentes
1020 1341 1239 1430 Dounimnu
1272 1341 1322 1428 sle
1352 1344 1460 1428 bonu
1481 1340 1628 1428 'obseu
1781 1405 1783 1458 p

216 1485 356 1569 sautia
383 1513 456 1571 sna
484 1511 567 1571 noa
596 1514 639 1570 se
667 1485 1015 1588 reddunt·elntos,
1043 1485 1111 1568 sod
1142 1483 1231 1595 ipsa
1259 1483 1302 1570 in
1330 1512 1374 1570 se
1402 1485 1511 1570 borna
1540 1481 1624 1568 nou
1781 1497 1783 1548 ὲ

215 1653 478 1736 emporus,
507 1628 577 1714 aed
605 1657 631 1712 a
662 1627 838 1714 Domino
868 1625 956 1712 lieri
983 1625 1294 1711 existimantes«
1317 1631 1551 1737 operantem
1581 1624 1625 1708 iu
1661 1725 1665 1734 Ι
1782 1615 1783 1710 ξ

216 1793 258 1850 se
300 1765 525 1852 Dominum
570 1769 838 1880 magnificent
877 1765 1012 1852 illudo
1047 1793 1138 1862 oum
1180 1767 1385 1878 propheta
1426 1767 1626 1852 ‹liaeutosr
1713 1861 1719 1876 ὁ
1782 1749 1783 1760 ¹

219 1907 339 1994 »Nou
368 1910 510 2016 nobis,
553 1908 750 2012 Domino,
790 1937 874 1996 non
910 1909 1029 1994 uobis
1066 1909 1136 1994 soll
1165 1909 1323 1994 nomini
1352 1915 1426 1994 tuo
1457 1909 1509 1992 tle
1536 1908 1628 2018 glo·
1714 1983 1718 1993 .

215 2052 368 2150 riam;‹
400 2053 507 2137 sieut
536 2079 609 2136 neo
630 2049 782 2136 Paulus
810 2051 1021 2162 apostolus
1051 2048 1427 2157 representatione
1455 2079 1529 2134 arua
1551 2049 1629 2134 sibi
1722 2117 1725 2128 .

216 2191 371 2302 aliquid
400 2190 622 2304 imputavit
651 2191 811 2278 diaeum
853 2191 1021 2278 »Gratia
1049 2189 1124 2278 Dei
1153 2219 1241 2274 sum
1273 2187 1312 2275 il
1349 2191 1458 2302 quad
1488 2218 1625 2290 suarum
1714 2193 1716 2196 ’

216 2333 438 2417 etiterum
468 2333 554 2444 ipso
585 2331 706 2420 dieite
749 2335 850 2433 »Qui
879 2333 1081 2446 gloriatur·
1109 2331 1151 2416 iu
1183 2331 1360 2418 Domino
1388 2332 1625 2444 glorietum

218 2471 338 2558 Unde
367 2478 410 2558 et
441 2471 642 2560 Dominus
669 2473 712 2560 in
746 2473 974 2586 Evangelio
1003 2473 1081 2561 uit:
1116 2473 1217 2574 »Qui
1245 2471 1511 2560 arusiensem
1538 2500 1630 2556 rnoa

217 2610 319 2698 haee
347 2613 519 2698 etfacit
549 2643 609 2717 eu,
638 2614 828 2702 similabo
856 2643 948 2712 oum
981 2614 1067 2700 niro
1096 2613 1271 2726 sapienti
1301 2614 1372 2724 qui
1400 2613 1653 2732 aedificavit.

217 2752 386 2839 domam
422 2781 537 2840 snum
573 2783 696 2866 super
736 2763 914 2868 petram
956 2761 1158 2844 venerunt
1197 2755 1387 2858 flumina,
1429 2753 1631 2839 flaverunt

220 2895 334 2980 venti
364 2901 406 2982 et
433 2896 696 3008 impegerunt
724 2900 766 2984 iu
795 2899 960 2986 donnum
989 2899 1126 3004 illam,
1156 2904 1198 2985 et
1227 2927 1310 2985 non
1338 2897 1506 3002 assidit,
1535 2900 1633 3010 quia
1690 2965 1691 2968 κ

219 3037 394 3123 fundata
423 3048 512 3126 eret
538 3069 660 3152 snper
689 3045 884 3154 petram«

331 3181 445 3266 Haeo
473 3184 681 3294 complens
702 3182 903 3268 Dominus
931 3189 1141 3294 exspectat
1161 3211 1235 3270 nos
1255 3183 1439 3294 quotidie
1467 3182 1531 3269 his
1550 3183 1632 3267 suis

220 3323 373 3410 sanetis
405 3313 575 3410 monitis
614 3325 733 3411 laetis
763 3353 837 3410 nos
878 3325 1121 3434 respondere
1148 3326 1321 3412 'debere
1380 3325 1478 3411 ldeo
1517 3325 1664 3410 uobis.

220 3473 391 3578 proptor
420 3466 746 3552 emendationem
778 3469 978 3554 malorum
1010 3466 1129 3554 huius
1147 3466 1255 3552 uitae
1278 3467 1361 3552 dies
1378 3471 1430 3554 ml
1449 3467 1633 3554 indubias
1721 3519 1725 3526 ·
1777 3585 1779 3590 ,

184 3610 458 3694 «relaxantur
485 3607 646 3694 dicente
662 3609 888 3720 Apostolos
922 3613 1014 3698 »Aa
1043 3610 1186 3714 neseis,
1216 3611 1313 3723 quia
1336 3609 1537 3721 patientia
1559 3608 1635 3694 Dei

220 3751 271 3835 ml
311 3749 609 3862 poeniteutiam
650 3757 693 3836 te
727 3752 945 3838 adducite«
1006 3751 1109 3840 Nam
1152 3754 1243 3866 pins
1274 3752 1473 3837 Dominus
1513 3751 1634 3836 dicit:

225 3890 359 3978 »Nolo
379 3897 553 3978 mortem
573 3895 809 4004 peccatoris,
840 3894 943 3980 seor
964 3900 1232 4012 eonvertatur
1259 3899 1303 3979 et
1322 3895 1472 3984 vivat«
1533 3894 1634 3978 Curru

222 4060 321 4145 ergo
340 4033 709 4148 interrogassemus
731 4035 965 4139 Dominum,
990 4027 1226 4140 fratremne
1250 4035 1482 4122 habitatore
1500 4035 1638 4118 tuber·

221 4177 358 4262 aaauli
388 4175 497 4274 eius,
537 4175 765 4262 erudivimus
796 4177 1009 4286 habitandi
1036 4163 1323 4289 praeceptum}
1364 4177 1435 4264 sod
1464 4178 1499 4261 si
1527 4203 1638 4260 aoru-

222 4320 406 4431 pleamus
435 4313 677 4405 habitatoris
706 4315 941 4403 officiumne

103 4741 106 4744 ·
311 4715 348 4799 al
370 4711 437 4808 Qu
449 4709 674 4796 existimem
699 4707 739 4782 Κ
748 4707 989 4781 existimantes
1011 4703 1122 4798 et3'0
1138 4708 1346 4785 existumant
1367 4712 1435 4803 (os
1459 4712 1495 4783 in
1513 4703 1652 4803 moral
1774 4687 1776 4694 ¹

223 4843 395 4929 operante
431 4831 468 4904 iu
501 4853 540 4905 so
570 4828 719 4906 Domino
752 4830 986 4924 magnificant
1018 4828 1131 4903 illam.
1167 4831 1255 4924 [Di]
1342 4839 1394 4924 ‚fil
1429 4831 1496 4906 OE
1527 4830 1640 4904 illum.

221 4950 654 5048 promrufflnoron
675 4951 758 5024 adel.
772 4956 813 5024 nt
834 4951 885 5039 (in
902 4949 990 5023 nus
1007 4951 1043 5024 ia
1063 4954 1202 5045 moro).
1246 4951 1659 5047 6)MH1K110PQR-
1721 5029 1724 5036 ,

223 5077 310 5152 add.
332 5075 466 5152 emmiu
487 5071 634 5148 heredes
667 5069 768 5164 regui
799 5071 985 5146 coelorum.
1009 5071 1082 5164 [m]
1113 5072 1248 5169 OPQR
1280 5073 1339 5147 ln'o
1367 5075 1529 5150 Munus
1555 5097 1642 5168 pro·

222 5199 374 5290 lopamp'
394 5217 483 5289 pano
504 5199 542 5269 in
565 5195 647 5268 aliis
669 5193 763 5266 canu
795 5203 996 5286 sequnntur,
1027 5195 1064 5267 in
1087 5193 1124 5286 Β
1150 5204 1232 5268 erute
1251 5175 1438 5289 proloquar
1470 5198 1642 5288 lepnntar.
1704 5187 1708 5194 ’
1762 5256 1764 5264 ,

1387 5313 1611 5394 1·.
