3570 5724
763 275 1030 372 Pralegonrena·
1469 294 1601 374 xxm

937 507 1165 588 monasterio
1199 517 1481 607 pmrsovorarrtee
1516 537 1600 611 pas·

938 647 1109 728 niembus
1123 649 1265 730 Christi
1287 677 1355 752 per
1376 655 1601 753 petientimn

940 789 1231 890 partieipernur,
1283 800 1327 872 ut
1370 796 1478 896 regni
1522 795 1602 876 eius
1753 838 1784 893 3·-

941 951 1154 1008 mereamur
1180 955 1260 1008 esse
1288 941 1492 1017 eorrsertes.
1557 1039 1560 1045 Α
1622 957 1648 1059 '.·

304 1116 349 1200 5⁰
377 1123 490 1200 l‘atet
518 1123 783 1203 difficultatem
811 1123 922 1202 huius
949 1125 1023 1203 looi
1051 1125 1127 1205 iam
1162 1129 1212 1205 ab
1233 1127 1405 1227 antiquis
1432 1131 1602 1231 agnitam
1680 1097 1683 1106 ,

190 1285 289 1354 ease,
329 1288 416 1341 eum
455 1265 570 1343 ooder
599 1267 950 1370 sangallensis
984 1291 1029 1346 ex
1066 1267 1181 1348 elaeae
1208 1270 1479 1351 Oxoniensi
1515 1295 1602 1372 por·

191 1409 268 1482 lam
311 1411 516 1486 extremam
561 1409 950 1510 'fogerneoensis
989 1414 1101 1492 initio
1142 1417 1291 1518 prologi
1333 1418 1602 1517 praeposuerit,
1757 1430 1771 1494 .'

191 1552 231 1624 et
278 1549 553 1628 Faneensis
591 1552 661 1652 qui
700 1541 793 1632 aliea
833 1557 1249 1658 ‘fogernseenaem
1289 1559 1479 1660 sequitur,
1519 1585 1603 1638 enm
1694 1595 1696 1600 v

191 1687 379 1784 omiserit,
397 1793 398 1798 Ν
419 1691 569 1771 eeteri
596 1717 687 1772 uero
710 1695 877 1792 eodiees,
917 1697 1154 1790 Parisiensis,
1192 1696 1462 1810 frisingensis,
1501 1707 1605 1778 nter·

193 1855 265 1931 uqsue
293 1829 560 1927 Londinensis,
593 1835 820 1914 Veronensis
848 1839 900 1930 1.,
937 1838 1210 1931 Bmxellansis,
1247 1839 1471 1936 Vaticanus,
1515 1841 1606 1918 Ein-

193 1970 366 2051 sirllensis
393 1973 588 2074 utriusque
615 1975 745 2056 elassis
771 1975 969 2056 lectionem
998 1977 1270 2059 coniunxerint

305 2123 351 2206 6⁰
379 2127 580 2206 Praeterea
592 2125 888 2224 animadvertas,
910 2154 1039 2208 omnes
1058 2129 1270 2230 pmodietas
1284 2130 1517 2209 differentias
1531 2129 1607 2209 iam
1643 2085 1645 2092 Ι

200 2266 365 2370 viguisse
394 2275 563 2369 ternpore
601 2295 676 2371 (quo
704 2271 786 2370 ipsa
818 2271 1059 2372 autographa
1096 2272 1222 2350 adhue
1251 2271 1446 2350 'exstantia
1472 2278 1512 2352 et
1539 2299 1608 2350 mu
1717 2301 1720 2306 Δ

199 2407 296 2514 trita
320 2435 366 2489 ae
393 2411 543 2511 publius
570 2417 664 2491 nota
690 2414 911 2492 facultatem
939 2413 1172 2517 praebebunt
1185 2411 1336 2493 obviam
1359 2379 1608 2512 diiudicanli,

201 2574 387 2650 quaenam
414 2577 544 2632 earnm
572 2554 779 2634 loetionunn
808 2553 992 2656 genuinae
1020 2560 1166 2649 essent;
1310 2621 1314 2630 .

313 2709 358 2796 7⁰
396 2714 649 2820 diligentium,
690 2719 962 2813 reverentiam,
1017 2685 1237 2799 fidelitatem
1282 2717 1322 2796 in
1363 2717 1634 2822 deeorihenelo
1703 2830 1708 2840 Ι

201 2856 368 2960 Regulos
396 2863 502 2937 textu
531 2884 664 2939 revera
701 2861 815 2940 fuisse
844 2861 1066 2954 maximam,
1106 2859 1182 2939 irno
1219 2859 1378 2939 dixerim
1414 2861 1608 2959 serupulu-

198 3021 299 3092 sum,
343 3005 388 3079 ut
415 2999 459 3079 o'r
487 3002 687 3084 eollatione
715 3002 886 3083 oolieum
915 3009 954 3083 ot
981 3027 1026 3082 ex
1054 3001 1333 3102 eommentariis
1374 3001 1499 3102 potins
1526 3024 1610 3078 sen·

94 3143 112 3214 .'
169 3164 304 3240 ⁴suen·
324 3139 525 3221 verborum
567 3145 834 3246 torquentibus
882 3169 996 3246 (quarn
1036 3144 1096 3224 vel
1139 3141 1323 3246 syllabam
1375 3139 1611 3220 mutantibus

199 3287 359 3360 constat.

868 3686 944 3781 vl.

308 3935 444 4034 ltaque
481 3935 656 4014 omnihus
693 3935 795 4015 hisee
816 3924 923 4014 'anto
962 3933 1089 4012 oeulos
1125 3931 1289 4026 habitis,
1308 3899 1312 3908 ι
1330 3929 1614 4030 inquisitionem
1738 4027 1741 4035 Ι

196 4075 467 4174 aggrediamur
494 4082 656 4176 eportet,
687 4103 731 4156 ox
761 4101 924 4175 ‹qruonum
947 4077 1053 4154 fonte
1075 4081 1274 4175 tamquam
1291 4095 1334 4150 ox
1351 4069 1488 4148 ultima
1505 4095 1617 4148 eausa
1744 4083 1771 4162 J

196 4215 456 4316 discrepantia
484 4220 655 4297 eooieum
684 4217 804 4296 alluta
838 4217 1063 4317 explieunda
1091 4214 1154 4294 sit.
1302 4287 1304 4291 ,

152 4353 155 4361 ’
306 4357 369 4436 Ad
408 4357 505 4438 hane
545 4357 801 4460 quaestionem
843 4337 1062 4438 solvendam
1101 4355 1279 4436 fueillirno
1316 4378 1422 4454 posse
1464 4354 1625 4468 videtur

194 4497 432 4596 responderi:
472 4500 814 4581 Differentiae
842 4500 1134 4602 praedietae
1162 4477 1400 4600 originem
1430 4497 1619 4576 dehent

195 4615 339 4721 unius
366 4644 447 4722 vel
474 4643 694 4723 alterius
731 4643 1133 4746 apographorum
1160 4637 1501 4738 eorreptioni,
1531 4645 1617 4718 aut

199 4785 413 4866 oonsilio
441 4793 523 4866 aut
549 4786 768 4867 fortuito
796 4789 816 4865 f
826 4791 983 4867 aetas.

302 4928 400 5008 Cum
427 4926 539 5008 renio
564 4927 717 5006 leoteria
743 4929 836 5007 haee
874 4927 1078 5033 eogitantis
1106 4925 1158 5006 sit
1194 4924 1357 5020 dietum,
1397 4945 1465 5004 noe
1487 4919 1618 5003 'talem

115 5141 117 5144 ,
190 5071 431 5175 hypothesim
476 5069 638 5151 maxime
680 5068 833 5172 quidem
875 5071 1045 5164 obviarn,
1099 5070 1165 5148 sed
1207 5090 1330 5168 neque
1370 5064 1619 5150 sufficientem

187 5235 470 5314 usqueversum
498 5237 577 5293 esse
605 5213 853 5294 arbitramur.
