3570 5724
860 300 1122 392 Prolegomeno.
1589 309 1698 388 xxv

398 523 445 608 4⁰
470 529 603 607 modus
629 527 839 628 explienndi
867 525 1159 626 disorepoutiem
1188 549 1260 626 opo
1288 527 1541 628 corruptionis
1567 491 1727 606 volun-¹

289 671 408 752 torino
435 675 550 770 optus
592 669 742 771 quidem
772 643 905 750 osted
933 672 1157 750 auferendos
1186 670 1386 749 nonnullos
1412 671 1569 749 fortusse
1598 669 1698 748 diiii·
1777 755 1779 760 ,

286 811 465 906 euitatus,
506 817 608 892 nerto
650 813 826 892 omnibus
867 811 1092 892 differentiis
1133 811 1337 890 enodandis
1376 835 1451 890 non
1489 812 1697 909 suffieit;*)

256 950 508 1031 nominatim
538 977 628 1032 roro

383 1089 445 1174 Δ50
471 1093 627 1174 idoneus
654 1120 729 1174 non
756 1100 825 1191 est,
852 1101 900 1176 ut
926 1095 1180 1198 quaestionem
1199 1098 1247 1174 de
1268 1096 1414 1198 prologi
1433 1095 1687 1195 diserepuntio
1729 1195 1732 1202 ,

285 1235 419 1318 solunt.
438 1277 488 1298 -
508 1237 616 1330 Quod
632 1239 682 1316 nd
702 1263 784 1318 eum
804 1238 1028 1318 varietatem
1052 1238 1199 1342 prologi
1216 1237 1367 1332 attinet,
1396 1237 1469 1316 nisi
1486 1237 1561 1318 duo
1578 1259 1697 1330 emens,

284 1375 446 1480 eogitori
475 1403 550 1458 neu
578 1385 759 1480 possumis
798 1387 867 1461 out
894 1381 1098 1461 brevior
1124 1383 1249 1461 formo
1275 1379 1696 1486 out—emplioreen·

285 1523 390 1600 estur
415 1541 495 1598 esse
522 1519 709 1624 genuinos

284 1657 319 1772 si
343 1659 484 1741 brevi
497 1686 575 1762 or,
617 1663 731 1746 lentio
759 1665 908 1768 longior
948 1665 1079 1746 hobori
1107 1665 1220 1748 <lebet
1254 1665 1401 1746 annius
1428 1688 1529 1744 urere
1556 1662 1697 1763 spurio,

393 1829 398 1840 ·
451 1803 491 1881 id
514 1805 615 1904 quod
639 1805 793 1886 omnino
814 1813 1013 1909 repugnet.
1071 1809 1165 1888 nnn
1194 1807 1295 1886 enirn
1322 1805 1484 1887 trudunt
1515 1805 1697 1904 probunt·

447 1967 522 2044 que
549 1953 970 2028 oernmeutoteres
997 1973 1027 2028 s.
1047 1949 1214 2050 llegrrleo
1235 1946 1414 2040 orriuorsi,
1442 1949 1482 2026 ot
1506 1943 1696 2024 eodieos

450 2083 588 2184 quibus
616 2085 655 2162 iu
684 2086 821 2182 Gellio,
849 2087 1086 2194 ¹nutogrnplre
1112 2093 1237 2170 adhue
1264 2093 1446 2182 exeunte.
1475 2087 1695 2184 utebantur,

449 2227 500 2306 od
529 2251 648 2307 unum
676 2226 898 2336 ornnes;**)
1412 2257 1417 2270 ·

283 2365 316 2446 si
343 2367 546 2471 longior
572 2375 732 2470 putonr
758 2371 933 2472 genuino,
963 2371 1077 2452 ieelio
1104 2372 1256 2453 brevior
1282 2375 1414 2452 exorto
1434 2373 1492 2447 ost
1519 2395 1562 2446 ex
1584 2365 1697 2445 ornis·

448 2511 554 2592 sione
589 2513 825 2604 voluntario,
865 2515 965 2614 quod
1004 2517 1065 2595 uel
1105 2515 1227 2618 spone
1264 2510 1546 2614 probabilitatis
1579 2513 1696 2589 uret.

450 2655 549 2734 Nutu
579 2657 699 2736 menti
730 2681 812 2736 earn
852 2657 1093 2760 hypothesim
1132 2655 1377 2758 quantumvis
1414 2649 1621 2730 revolventi
1648 2643 1698 2728 no

448 2799 531 2878 ullo
566 2799 719 2899 quidem
746 2809 919 2882 ooourret
953 2799 1075 2896 ratio,
1111 2823 1208 2902 quoe
1235 2803 1285 2880 od
1314 2797 1431 2878 mem
1459 2793 1696 2874 omissionem

448 2939 605 3020 oonsilio
633 2941 774 3022 iselam
803 2942 1010 3042 impulerit.
1504 2947 1506 2955 ’

394 3081 491 3162 Indo
518 3082 650 3184 liquet,
680 3083 959 3184 eorreptionem
989 3083 1035 3162 de
1049 3081 1237 3163 industrio
1255 3083 1397 3163 seeum
1415 3077 1696 3180 supponendum

124 3319 129 3327 Ι
282 3247 360 3303 non
388 3247 479 3308 esse.
536 3224 821 3308 dasnsiloremus
847 3225 967 3331 igitur
996 3223 1180 3326 posterius
1209 3247 1285 3325 quo
1312 3221 1538 3322 supponitur

648 3557 861 3650 corrupllo
886 3555 1060 3631 ossnslls
1084 3571 1130 3628 so
1155 3553 1342 3628 innuite.

393 3761 645 3862 Hypothesirn
658 3764 756 3841 hono
770 3761 985 3842 conditione
1009 3760 1124 3860 poulo
1138 3761 1292 3838 meliore
1305 3758 1364 3838 uti
1383 3780 1495 3860 ‹punm
1516 3755 1694 3855 priorem,
1779 3776 1782 3782 ·

282 3901 384 3980 haud
412 3902 634 3982 diffitemur.
693 3903 878 3982 Attomsn
916 3926 964 3981 no
991 3903 1031 3981 in
1067 3925 1113 3980 eu
1147 3901 1230 4001 ipso
1268 3901 1568 4001 requiescemus,
1604 3897 1697 3975 huee
1754 3869 1757 3876 ‚

264 4049 476 4121 ¹momentu
503 4044 746 4124 dissuadent:
942 4036 946 4045 ’

399 4183 443 4266 1⁰
468 4190 539 4264 out
560 4187 698 4267 iterum
726 4195 899 4268 censstur
921 4193 1102 4288 eorruptn
1122 4187 1283 4267 fortuito
1302 4184 1482 4266 elassis
1496 4183 1694 4283 Togern·

281 4329 487 4428 oeensis,
520 4335 589 4408 eut
616 4331 811 4433 eogitntur
837 4332 894 4411 sie
922 4331 1132 4431 depravato
1159 4329 1340 4408 elensis
1369 4295 1676 4434 Oxenionuisss

283 4469 326 4551 Si
355 4473 462 4571 prius
489 4473 593 4551 velet
618 4475 853 4573 (eorrupt.
882 4475 1024 4576 Tegl,
1053 4473 1240 4572 quemodo
1267 4469 1487 4574 explicetur,
1516 4463 1697 4544 mutsuio·

347 4673 355 4686 .
483 4637 570 4693 nem
584 4615 784 4695 fortuitum
797 4614 878 4694 iere
892 4637 1039 4713 sempor
1052 4615 1146 4692 odeo
1161 4613 1309 4693 lelieem
1324 4609 1498 4704 evenisse,
1521 4603 1696 4706 utpluri·
1760 4631 1765 4644 ·

396 5007 432 5099 ·)
454 5003 551 5079 conr.
575 5025 604 5077 e
628 5025 664 5096 g.
687 5024 728 5078 οι
750 5001 878 5078 noun
897 5001 1092 5096 praemisse
1114 5001 1141 5090 1,
1164 5001 1225 5090 iv,
1247 4999 1292 5090 x,
1316 4999 1396 5090 xu,
1420 4999 1495 5087 xv,
1519 4997 1614 5071 xvr.
1749 4963 1759 5060 s

374 5127 431 5221 ”)
454 5125 554 5202 Geni.
578 5121 745 5198 Morionii
776 5121 1074 5200 commentorium
1103 5145 1187 5217 purg.
1216 5125 1247 5197 3.
1279 5121 1342 5195 ubi
1372 5121 1468 5197 solus
1490 5111 1698 5236 Oionisnsis
1733 5219 1736 5226 Δ

279 5247 418 5322 nitetur
438 5267 504 5341 pro
526 5245 641 5325 fermo
661 5243 832 5322 breviore.
1318 5253 1322 5264 ·
