3570 5724
790 231 1056 358 Prolegomena.
1396 303 1398 310 v
1484 275 1633 356 xxvll
1748 329 1754 340 .

225 493 382 574 nuinoris
409 518 520 592 qnam
549 493 618 573 illa
644 491 827 572 momenti
853 497 935 590 ost,
974 493 1171 573 inventum
1189 519 1316 580 „sunm
1354 497 1425 576 boe
1453 495 1636 576 substitu·
1772 510 1775 516 ’

142 703 148 712 .
224 637 344 716 mint·
377 634 554 716 Erimus
581 637 735 716 herodes
752 635 860 738 regni
888 637 1116 732 eoelorum«,
1145 675 1200 696 -
1229 638 1368 740 quippo
1395 663 1492 740 quae
1518 639 1636 716 verba
1762 637 1766 656 ¹

224 777 352 880 spuria
378 783 624 880 supponenda
650 786 784 858 essent.
842 781 893 860 lit
919 780 1041 860 multo
1069 780 1193 858 minus

196 999 201 1012 ,
253 921 454 1024 liquet
492 924 534 1023 d)
562 947 630 1002 our
664 921 889 1022 posteriores
916 921 1064 1004 oodioes
1098 947 1228 1004 omnes
1264 922 1332 1003 illa
1372 927 1489 1004 verba
1527 852 1634 1006 velut
1688 955 1708 998 ,·

223 1067 388 1174 genuina
414 1067 487 1147 sibi
514 1067 759 1152 adsoivorint.

229 1291 232 1299 ,
334 1211 475 1291 Forma
502 1209 623 1313 igitur
649 1209 798 1314 prologi
824 1208 976 1290 brevior
1002 1209 1162 1288 fortuito
1186 1216 1366 1290 truncata
1387 1208 1528 1288 conseri
1557 1235 1634 1288 noo
1738 1201 1740 1208 ’

222 1359 360 1455 protest.

332 1515 379 1602 4⁰
405 1519 575 1622 Denique
604 1519 916 1620 praetereundum
946 1543 1021 1596 ιιοιι
1051 1527 1118 1610 ost,
1151 1519 1353 1622 hypothesi
1381 1517 1634 1620 comptionis
1724 1554 1727 1562 ·

221 1665 400 1744 fortuitae
428 1662 608 1766 supponi,
648 1683 778 1739 omnes
805 1662 952 1740 oodioos
989 1661 1118 1740 elassis
1147 1661 1369 1742 Oxoniensis
1396 1689 1440 1740 ex
1468 1686 1543 1740 uno
1570 1687 1632 1740 oo·

221 1810 381 1908 uteunque
408 1809 513 1887 iente
550 1803 727 1884 derivari.
785 1805 900 1883 Soons
928 1801 1028 1881 enim
1069 1805 1257 1904 quomodo
1294 1803 1544 1903 explicabitur
1571 1829 1633 1883 ao·

220 1957 355 2029 aurata
399 1973 525 2028 rerum
568 1947 685 2026 etiam
725 1945 958 2024 minutarum
998 1945 1200 2025 oonoordia
1237 1949 1353 2048 atquo
1391 1945 1632 2026 uniformitas

220 2117 331 2194 quam
361 2091 507 2170 eodioes
533 2093 723 2168 terrarum
753 2087 976 2168 dissitamm
1004 2083 1199 2196 (unguine,
1229 2089 1503 2182 Germaniae*,
1539 2091 1631 2168 Hol-
1682 2159 1686 2170 .

192 2235 363 2325 ‘notiam
404 2231 554 2330 Ituliae)
582 2255 672 2332 praa
700 2257 739 2311 se
778 2232 933 2312 ierunt?
990 2229 1123 2311 Omnis
1159 2230 1258 2309 onim
1292 2231 1486 2332 eorreptio
1513 2257 1632 2332 empus

219 2373 380 2454 fortuita
406 2377 518 2474 (quae
546 2375 788 2473 supponitur)
816 2379 873 2453 ost
900 2397 1006 2453 orror
1033 2373 1221 2474 simulque
1255 2371 1631 2484 oasus.1uorrore

217 2523 344 2640 autom
373 2521 413 2596 et
440 2541 530 2596 nasu
559 2515 761 2595 eonoordia
786 2523 901 2620 abluo
938 2515 1178 2596 uniformitas
1211 2514 1313 2640 baud
1341 2513 1548 2599 invonitur.
1577 2557 1630 2578 -

219 2659 494 2757 Supponendns
522 2665 580 2739 ost
607 2681 698 2762 ergo
727 2683 824 2738 unus
851 2657 1023 2760 idemque
1052 2657 1168 2736 oodox
1191 2629 1288 2766 qni
1285 2655 1368 2736 tons
1384 2631 1501 2738 tuerit
1527 2683 1629 2738 eonn-

215 2797 341 2879 munis
368 2797 537 2880 omnium
566 2797 678 2880 seriei
706 2797 928 2880 oxoniensis
955 2797 1316 2900 exeruplariums·

323 2965 499 3054 Codieom
526 2979 654 3054 antem
683 2975 762 3075 qui,
792 2973 937 3054 duobus
963 2973 1088 3053 adhue
1107 2971 1341 3056 exstantibus
1367 2973 1627 3076 autographis,

66 3193 70 3200 .
213 3123 362 3196 tantam
402 3115 568 3195 babebat
593 3114 862 3197 austeritatem
902 3123 947 3196 ut
973 3116 1053 3194 eius
1088 3114 1271 3196 leetionee
1305 3114 1381 3194 iam
1418 3121 1501 3194 tum
1537 3123 1629 3196 eta

214 3207 297 3340 tatia
323 3258 547 3360 posteritate
575 3257 760 3360 gonuinus
788 3259 867 3338 sint
894 3257 1060 3353 habitae,
1089 3257 1174 3359 quis
1200 3255 1341 3338 dixerit
1367 3241 1625 3336 adulteratum

201 3425 292 3481 osse
315 3401 396 3480 'sive
426 3401 598 3481 oonsulto
625 3397 704 3480 sive
731 3401 921 3482 fortuito?

867 3721 971 3817 vll.

324 3969 427 4050 Hinc
454 3971 632 4050 omnibus
659 3971 906 4051 bonsidetatie
933 3971 1186 4050 arbitramur:

327 4130 369 4213 1⁰
396 4141 557 4237 utraque
585 4136 702 4216 alasse
730 4137 947 4216 eontinotur
982 4139 1108 4215 textus
1134 4161 1210 4213 uon
1241 4143 1442 4300 eorruptus
1470 4135 1535 4214 sed
1563 4159 1628 4238 go·

213 4273 366 4370 nuinus3

321 4437 365 4520 2⁰
405 4440 681 4540 discrepantiae
719 4465 809 4519 uero
847 4439 938 4518 bino
976 4440 1065 4519 indo
1105 4447 1360 4520 oeeurreutos
1384 4417 1626 4543 onpiioaadae
1776 4451 1780 4462 ’

209 4587 300 4662 suut
327 4606 372 4661 ex
403 4582 546 4662 duobus
573 4581 849 4683 exemplaribus
888 4608 1003 4661 uranu
1040 4581 1192 4683 quidem
1230 4583 1352 4662 saneti
1380 4569 1627 4724 bogislatoris

120 4809 124 4816 ,
209 4725 378 4804 sednon
406 4747 481 4802 uno
509 4726 715 4825 eodemque
742 4731 912 4825 tempore
939 4723 1127 4820 exaratis,
1315 4713 1322 4734 ⁸

216 4959 479 4980 *ιι-ιιι·-

179 5148 185 5160 ·
296 5113 330 5208 ‘t
351 5113 603 5208 adstipulatur
631 5115 716 5193 baio
751 5115 854 5194 seriei
883 5123 1069 5214 praetem
1102 5079 1625 5206 ffissmifliumlssffihbinin'i

210 5255 281 5327 qao
303 5235 457 5342 eoadem
479 5237 534 5312 usi
556 5261 688 5314 aumas.
