3570 5724
731 363 996 461 Prolegonana
1499 365 1573 448 XV

159 591 280 672 altero
306 593 462 677 omnino
490 594 596 675 deest
622 593 691 693 (cl.
719 617 807 698 pag.
837 595 891 687 8.)
918 589 1032 673 initio
1046 587 1207 693 prologi
1229 589 1449 690 praeponitr
1479 591 1572 671 inei·

159 733 218 834 pit
245 733 388 837 igitur:
421 737 930 839 »Ergopraepnrandasant
955 733 1071 816 carde
1095 737 1504 832 emmeramum«,
1533 737 1573 812 et
1627 753 1636 767 ·
1770 803 1773 810 Δ

158 880 245 975 poet
265 877 400 962 verba:
433 886 502 959 »ut
523 877 631 978 regni
651 879 731 959 eins
755 899 969 958 mereamur
988 900 1066 958 essa
1085 879 1313 968 consonas«
1338 872 1573 972 interpositis

157 1017 330 1098 vmsibue
367 1018 592 1102 notissimier
638 1019 737 1115 »Qui
777 1019 852 1098 levi
894 1019 985 1122 iugo
1025 1017 1168 1098 Christi
1210 1017 1309 1098 colla
1348 1015 1572 1096 submittere

155 1158 289 1286 cupisr
311 1165 384 1248 ete.
399 1163 665 1266 subsequitur:
693 1157 915 1260 ramentis,
932 1184 960 1248 ,o
975 1156 1043 1258 tili,
1064 1163 1266 1260 praecepta
1277 1157 1450 1260 magistri
1470 1161 1567 1240 em«
1644 1166 1647 1172 '

824 1417 902 1508 lv.

265 1609 338 1704 Qui
365 1611 525 1710 codices,
552 1610 625 1690 etsi
641 1607 783 1711 singuli
811 1633 856 1688 ao
884 1611 1038 1690 seorsim
1061 1610 1224 1710 spectati
1251 1633 1359 1710 pares
1373 1633 1449 1690 non
1467 1613 1594 1714 sunt,
1651 1701 1654 1708 ι

153 1756 199 1830 ut
225 1751 377 1851 plenam
404 1752 549 1832 iaciant
576 1752 710 1845 fidem,
746 1775 876 1832 omnes
903 1758 1033 1834 tamen
1060 1751 1101 1832 in
1129 1776 1247 1830 unum
1274 1750 1442 1849 collecti,
1482 1751 1570 1830 dili·
1619 1761 1624 1773 '

151 1897 288 1994 genter
313 1895 415 1974 inter
441 1919 481 1974 se
521 1894 671 1989 collati,
711 1897 762 1975 ad
798 1895 1057 1987 hermonien,
1096 1897 1283 1993 quantum
1324 1893 1406 1972 lieri
1446 1897 1571 1992 potest
1675 1946 1681 1974 ,η

151 2034 318 2135 redacti,
359 2061 434 2116 non
462 2043 640 2138 apparot,
685 2061 753 2118 cur
781 2060 856 2116 non
884 2037 1090 2136 perlectam
1119 2033 1192 2114 sibi
1218 2033 1412 2115 vindicent
1437 2041 1569 2116 auom·
1613 2091 1638 2136 ³.

152 2174 322 2260 ritatem.

263 2315 383 2412 Sane,
421 2319 455 2398 si
483 2317 670 2398 rationem
706 2317 885 2398 habueris
919 2317 1093 2420 pietatis,
1135 2341 1213 2418 qua
1239 2321 1386 2398 veteres
1422 2339 1569 2416 semper

37 2531 41 2538 .
151 2456 252 2536 buno
279 2483 311 2542 s.
341 2457 508 2560 Itcgulae
535 2460 677 2540 librum
705 2459 900 2560 prosecuti
928 2463 1029 2552 errat,
1056 2460 1290 2538 affirmantes
1316 2458 1399 2557 ipso
1420 2456 1568 2561 Spiritu

149 2601 283 2678 annoto
310 2599 466 2679 alllaute
494 2621 580 2679 eum
609 2623 690 2681 esse
717 2601 966 2700 compositum
990 2605 1105 2702 atque
1134 2599 1317 2680 habentes
1333 2598 1441 2681 velut
1465 2598 1568 2678 ritus
1626 2689 1629 2696 Ι

149 2738 347 2841 religiosae
374 2738 497 2840 legem
523 2761 770 2843 normamque
789 2747 981 2840 exactum
1011 2739 1045 2819 si
1068 2725 1387 2832 corrsidercvcris,
1404 2737 1567 2839 publicis

1 2927 6 2934 -
147 2904 282 2981 regum
311 2884 427 2980 atquo
454 2881 724 2981 impunitarum
754 2881 903 2985 legibus
931 2884 1030 2961 banc
1057 2882 1149 2964 s.·P.
1168 2880 1367 2959 Benedicti
1384 2881 1565 2980 Regulam

146 3017 402 3103 observationi
430 3024 626 3104 monacbis
652 3025 826 3104 omnibus
864 3025 1085 3103 mandatam
1124 3045 1222 3116 esser
1259 3021 1292 3099 si
1331 3045 1420 3121 prae
1447 3021 1567 3098 oculis
1716 3011 1718 3015 ’

147 3164 346 3259 lru'buerls,
384 3169 531 3246 textum
559 3167 681 3248 nostri
708 3167 799 3248 libri
828 3165 1045 3268 saepissimo
1074 3163 1114 3240 in
1149 3153 1319 3242 conciliis
1345 3167 1386 3240 ot
1412 3161 1566 3263 synodis

146 3306 289 3385 lectum
317 3313 358 3387 et
384 3306 617 3404 inculcatum
645 3331 741 3403 essc;
782 3308 815 3388 si
853 3306 893 3386 in
932 3305 1153 3386 memoriam
1190 3303 1449 3396 revocaveris,
1489 3305 1564 3380 frc-

147 3447 436 3546 quentissimum
463 3450 626 3552 viguisse
653 3450 753 3530 inter
781 3449 1009 3529 monasteria
1027 3447 1087 3528 vel
1115 3445 1276 3524 maxone
1304 3445 1435 3526 dissita
1462 3471 1563 3524 corn·

148 3589 344 3686 mercium,
364 3590 588 3670 nominatim
602 3591 803 3690 specialem
819 3589 1195 3671 communicationem
1210 3610 1356 3688 sempor
1375 3596 1561 3668 servatam

145 3754 225 3810 esse
252 3755 277 3810 a
302 3731 577 3812 recentioribus
606 3722 700 3812 eum
727 3731 1006 3834 antiquioribus
1042 3729 1251 3824 coenobiis,
1291 3753 1389 3832 quac
1429 3705 1577 3810 ceteris

146 3882 260 3955 amnt
286 3877 396 3976 quasi
422 3881 619 3978 parentem
648 3875 680 3957 si
708 3857 925 3979 addideris,
940 3875 1041 3954 baud
1070 3898 1156 3954 raro
1183 3898 1269 3953 cum
1295 3871 1461 3950 maxima
1488 3873 1562 3951 sol·
1613 3947 1629 3974 s

145 4017 396 4097 licitudinen
432 4018 638 4098 maioribus
676 4016 816 4099 nostris
856 4015 997 4097 itinera
1034 4015 1223 4097 laboriosa
1260 4019 1306 4093 ut
1331 4020 1501 4094 exactam
1529 4041 1560 4098 s.

147 4159 317 4262 Regulos
344 4159 625 4240 observantiam
658 4161 917 4250 addiscerent,
960 4165 1131 4258 suaepn
1167 4156 1301 4250 fuisset
1339 4155 1372 4234 si
1399 4157 1561 4258 denique
1658 4263 1662 4274 Ι

146 4297 393 4402 perpenderis
420 4301 761 4402 scmpulositatem,
801 4326 879 4404 qua
903 4297 1135 4400 antiquiores
1163 4299 1298 4379 saltem
1326 4297 1472 4378 codices
1499 4301 1560 4378 vel

143 4443 228 4545 51³⁸ss
255 4443 394 4522 mflssdss
419 4448 460 4521 ol
486 4444 587 4524 locos
614 4441 749 4547 (signis
776 4451 817 4526 et
843 4441 994 4547 punctis
1023 4445 1208 4540 carentes)
1231 4439 1431 4520 intellectu
1459 4439 1560 4520 disli-
1677 4554 1680 4562 Ι

142 4586 294 4690 citiores
319 4585 535 4667 fidelissime
561 4593 679 4689 atque
705 4583 948 4668 uniformiter
976 4585 1285 4682 tradiderunt*):
1305 4563 1416 4663 baud
1444 4607 1558 4688 aegre
1596 4679 1597 4684 Ν

2 4709 3 4712 ¹
142 4729 324 4832 lamberte
350 4731 497 4812 codices
533 4755 661 4812 omnes
699 4731 903 4811 mnodum
916 4846 920 4854 Ι
934 4734 1132 4830 comptos
1166 4731 1208 4808 'et
1245 4733 1442 4810 truncatos
1478 4753 1555 4810 non
1683 4773 1685 4779 ·
1773 4719 1775 4723 ’

378 4891 383 4903 ,
575 4871 577 4876 .
968 4867 978 4908 ,
1414 4863 1418 4880 .

89 5050 91 5054 ’
213 5079 267 5173 r)
288 5080 467 5154 semar
485 5077 594 5152 anm
614 5097 674 5152 aa
696 5077 836 5150 aare·
858 5097 945 5170 pm
978 5072 1105 5150 acm·
1136 5071 1302 5150 assare
1324 5074 1461 5150 maer.
1492 5075 1556 5168 qur

115 5203 189 5277 nd
223 5200 488 5276 interlinearem
520 5195 715 5272 versionem
748 5196 1035 5306 concipiendam¹
1056 5195 1249 5289 conscripti
1268 5199 1386 5314 renat,
1410 5189 1554 5269 'Lt'ndi
1709 5221 1711 5228 ¹

2 5396 3 5427 Ν
139 5341 286 5397 nenaem
312 5321 360 5396 ll.
381 5319 518 5394 scilicet
539 5324 578 5393 et
597 5317 876 5412 sangallensem.
