3570 5724
14 135 69 222 n
621 129 804 224 curu

105 352 393 478 'Puerisrero
431 349 591 440 minore
618 359 757 440 aetate
786 381 869 438 uon
900 352 1042 472 eadem
1069 359 1256 438 servetur
1292 381 1431 466 quum.

15 495 112 580 titas
140 495 210 578 sed
239 496 374 581 minor
401 521 523 604 quam
553 493 799 600 maioribus,
838 498 1001 580 serrata
1029 494 1084 579 in·
1101 495 1292 580 omuibus
1328 523 1424 606 pur·

13 635 151 722 citote.
210 703 214 712 .

7 759 10 764 ¹
122 755 316 864 Carnium
349 806 448 866 uero
485 777 792 889 quadrupedum
831 777 1100 863 omnimodo«
1146 777 1200 861 ab
1236 775 1424 863 omnibus

13 918 270 1042 abstineatur
298 921 529 1014 comestioss
550 926 713 1032 praeter
741 921 912 1006 omrrino
939 919 1094 1008 debiles
1121 927 1197 1009 etr
1217 923 1424 1032 aegrotos.

380 1237 462 1318 XL.
503 1237 572 1318 Db}
600 1238 851 1320 MENSURA
881 1238 1059 1322 POTUS.

126 1440 439 1554 »Unusquisque
476 1440 689 1554 proprium
728 1440 855 1528 babet
894 1441 1047 1527 (tonum
1088 1471 1139 1527 ex
1169 1439 1282 1542 Deo,
1322 1439 1426 1525 alius

13 1588 92 1691 sic,
132 1586 236 1672 alius
265 1613 362 1672 uero
396 1585 501 1694 sic;‹
544 1590 587 1670 et
614 1585 706 1671 ideo
747 1613 839 1669 cum
876 1584 1016 1696 aliqua
1053 1583 1425 1700 scrupulositates
1481 1597 1486 1610 '

13 1729 133 1817 uobis
151 1757 340 1815 mensura
357 1731 488 1816 victus
505 1713 679 1816 aliorum
699 1728 991 1827 coustitutum
1013 1735 1151 1816 tumen
1170 1727 1422 1812 intirmorum

12 1876 257 1957 contuentes
285 1871 647 1960 imbecillius-ems
669 1873 872 1958 credimus
901 1873 1106 1957 heminam
1131 1872 1216 1960 riui
1246 1899 1317 1980 per
1344 1873 1427 1953 sin·
1470 1845 1473 1852 ¹

14 1991 134 2124 gulos
162 2015 350 2100 sufficere
387 2043 461 2126 per
488 2015 609 2100 diem.
667 2016 823 2116 Quibus
850 2019 987 2098 autem
1022 2013 1153 2098 donat
1181 2012 1290 2095 Deus
1319 2013 1426 2096 tole·
1520 2117 1525 2126 .
1663 2072 1669 2079 -

13 2157 190 2241 rontium
205 2155 494 2256 abstinentiae,
518 2158 726 2266 propriam
741 2185 784 2241 se
799 2156 1017 2240 babituros
1035 2157 1260 2240 mercedem
1280 2159 1424 2254 sciant.
1447 2251 1451 2258 .
1523 2173 1525 2176 ’

16 2344 66 2362 -·
96 2297 215 2398 Quod
244 2299 278 2382 si
306 2305 382 2382 aut
410 2298 490 2382 loci
518 2301 736 2385 necessitas
764 2301 859 2385 vele
881 2299 1000 2384 labor
1022 2306 1096 2382 aut
1115 2299 1238 2382 ardor
1257 2297 1451 2398 aestatis·‘

14 2439 191 2550 amplius
219 2442 466 2550 poposcerit,
495 2439 538 2524 in
568 2441 741 2525 arbitrio
762 2443 910 2552 prioris
927 2445 1137 2544 consistat,
1164 2439 1426 2536 ‚considerans

12 2581 57 2665 in
87 2581 289 2683 omnibus,
320 2609 373 2665 ne
399 2582 626 2694 subrepat(
657 2587 827 2670 satietas
854 2593 928 2670 aut
956 2585 1143 2670 ebrietas.

125 2727 240 2813 Licet
267 2730 452 2840 legumus
479 2729 619 2812 vinum
650 2728 820 2815 omuino
847 2727 1142 2815 monachorum
1171 2753 1253 2810 uou
1290 2747 1424 2825 esser,

12 2873 83 2956 sed
124 2873 221 2984 quia
249 2876 401 2958 nostris
438 2873 693 2983 temporibus
733 2871 775 2954 id
815 2869 1025 2955 monachis
1066 2869 1300 2981 persuaderi
1342 2899 1424 2954 uon

12 3021 162 3128 potest,
191 3017 336 3101 saltem
356 3017 423 3102 vel
451 3015 531 3102 hoo
549 3016 865 3116 consentiamus,
896 3020 943 3096 ut
971 3041 1055 3096 nou
1078 3014 1275 3124 usquead
1304 3015 1425 3097 satie·

13 3163 141 3243 tatem
172 3159 356 3243 bibamus
384 3160 456 3244 sed
493 3161 679 3269 parcius,
720 3158 817 3266 quia
849 3157 1013 3238 »uiuum
1049 3163 1284 3266 apostatare
1324 3157 1425 3240 facit
1485 3132 1489 3237 i

6 3291 137 3386 ¹etitem
164 3302 446 3410 sapientes&
505 3301 587 3386 Ubi
616 3306 752 3384 nutem
782 3301 999 3386 nenessitas
1028 3299 1106 3383 loci
1135 3301 1341 3408 exposcit,
1380 3305 1424 3382 ut

13 3470 89 3527 nec
117 3445 396 3553 suprascripta
424 3471 614 3527 mensura
641 3441 817 3527 inveniri
856 3441 987 3551 possit
1021 3442 1093 3525 sed
1131 3440 1263 3526 multo
1291 3434 1473 3538 miuus(

12 3590 86 3670 unt
112 3613 162 3669 ex
192 3592 282 3670 toto
318 3585 446 3686 nihil,
484 3583 728 3668 benedicant
757 3583 888 3668 Deum
929 3582 1000 3691 qui
1037 3583 1095 3665 ibi
1131 3581 1344 3681 habitant,
1382 3587 1425 3660 et

12 3752 96 3809 non
124 3700 432 3828 murmurente3
472 3725 554 3811 boc
580 3731 677 3808 unte
702 3725 841 3809 omnia
868 3725 1157 3826 admouentes,
1195 3733 1244 3808 ot
1271 3724 1424 3832 absque

11 3865 407 3952 murmurationibus
436 3867 533 3952 siut.

99 4245 138 4333 u)
165 4241 474 4336 DEGHIKLOQ
510 4242 668 4316 omuino.
687 4245 739 4330 (iu
774 4243 811 4314 R
841 4249 1000 4330 rmru).
1029 4243 1104 4334 [u]
1200 4241 1297 4333 p)Q
1332 4261 1423 4312 oom-
1556 4319 1557 4324 ,

11 4361 155 4447 mixtim
174 4365 211 4435 iu
237 4364 267 4436 0
289 4364 457 4438 comestio
478 4371 524 4437 2⁰
550 4387 657 4437 »arcuo
677 4365 805 4450 nudie,
826 4363 915 4436 sna
934 4385 1083 4436 mosum.
1108 4365 1198 4456 [bt]
1242 4368 1281 4453 γ)
1302 4363 1338 4434 Β
1360 4383 1423 4433 oss.
1489 4336 1497 4350 ⁸
1532 4391 1535 4398 ·

11 4490 50 4557 et
68 4487 122 4578 (iu
144 4486 180 4555 A
202 4507 271 4560 rec.
293 4509 400 4558 eunome
422 4487 564 4574 udum).
634 4488 676 4578 δ)
698 4487 729 4558 O
751 4483 953 4576 cogitantes
975 4486 1217 4560 continentiae
1237 4484 1424 4559 imbecilli·

11 4611 137 4682 totem.
226 4617 263 4694 ε)
287 4607 512 4705 ΟΒΡΗΙΟρ
538 4617 613 4683 aut.
645 4609 735 4702 [Di]
824 4614 864 4696 c)
887 4608 1022 4684 BCEG
1053 4607 1243 4701 subripiat
1330 4609 1369 4697 η)
1389 4607 1423 4678 A

27 4753 84 4803 ron
117 4752 193 4803 esse
225 4733 495 4816 monachorum
530 4733 685 4806 OEIOR
714 4733 967 4806 monachorum
994 4731 1138 4804 omniuo
1170 4753 1241 4804 uou
1276 4753 1352 4803 esse
1375 4726 1423 4815 (L

12 4854 64 4927 cic
85 4859 203 4943 corn).
294 4860 337 4947 θ)
357 4857 389 4948 Q
411 4855 496 4938 odd.
525 4862 564 4929 et
579 4855 702 4931 alibi:
739 4856 883 4930 »Nolite
912 4853 1082 4927 inebriari
1105 4853 1189 4925 vino
1219 4851 1349 4941 inquo
1370 4859 1425 4920 cst

11 4973 187 5048 luxuria«
245 4975 275 5066 ι)
297 4979 328 5048 0
348 4975 539 5049 benedicat
637 4978 780 5052 habitet
802 5033 811 5050 .
837 5030 847 5051 .
870 5030 881 5050 .
904 4980 1100 5050 murmuret
1119 4978 1173 5068 (iu
1193 4997 1304 5068 usurp.
1327 4997 1351 5044 u
1374 4981 1425 5044 ter

14 5098 177 5173 additum
198 5106 275 5183 est).
