3570 5724
813 269 907 388 ceps
924 295 970 368 11.
1575 304 1600 385 9

196 519 377 635 implere.
448 517 596 608 Christi
637 517 745 604 euim
786 543 909 628 ogere
949 515 1088 602 vices«
1124 515 1166 602 iu
1209 519 1486 604 nrorsusteriod
1521 546 1607 603 cre·

196 660 356 762 ditum
378 659 543 770 qrruudo
573 659 698 774 ipsius
719 665 888 746 vocatur
907 659 1185 771 pronomine&
1208 659 1370 744 dicente
1392 659 1601 771 apostolo:

199 800 454 914 »decepistis
483 801 671 916 spiritum
701 802 937 916 adoptionis
967 801 1157 904 liliorum,
1186 800 1229 886 in
1250 831 1332 912 quo
1361 801 1601 887 clanrmuus:

195 943 313 1044 abba,
344 947 497 1054 pateus
669 947 672 952 '

306 1083 484 1196 Ideoque
513 1085 640 1172 abbas
669 1085 773 1170 uilril
814 1090 929 1172 extra
969 1093 1231 1202 praeceptum
1263 1079 1452 1188 Domini,
1494 1087 1604 1197 qnod

193 1227 348 1328 absit,⁶
382 1227 536 1312 tlebett'
570 1233 644 1312 aut
671 1229 816 1314 docere
845 1232 919 1313 ant
954 1229 1203 1316 constituere
1231 1231 1294 1346 uel
1331 1231 1492 1329 tuberc3
1533 1228 1603 1311 sed
1742 1259 1762 1284 ·

106 1453 110 1461 .
197 1375 320 1458 iussio
349 1373 436 1460 eius
455 1377 519 1458 uel
548 1375 734 1462 doctriua
763 1375 1039 1460 ferruentnmr
1064 1371 1225 1458 divinae
1249 1368 1429 1456 iustitiae
1457 1371 1499 1454 in
1525 1369 1606 1452 dis·

194 1515 422 1626 cipulorum
453 1515 661 1600 mentibus
689 1523 1007 1628 conspergatur,
1050 1520 1243 1600 memor³
1279 1540 1438 1622 semper
1466 1511 1605 1612 abbas,
1763 1519 1784 1586 ,ἶ

193 1660 290 1768 quia
319 1656 529 1744 doctrinae
568 1687 664 1744 suec
694 1657 758 1742 sel
797 1657 1086 1766 discipulorum
1125 1655 1380 1740 obedientiae
1410 1657 1460 1716 ’-
1491 1655 1603 1735 ntra·

194 1809 365 1912 retorque
394 1828 529 1884 rerum
558 1800 602 1883 iu
640 1799 854 1883 tremendo
891 1797 1041 1882 iudicio
1073 1795 1148 1880 Dei
1190 1795 1377 1880 facienda
1416 1791 1495 1876 erit
1523 1789 1605 1873 dis·
1644 1883 1647 1888 ,
1767 1777 1783 1881 f

195 1941 339 2028 cuseio.
397 1939 591 2052 Sciatquo
621 1939 747 2024 abbas
776 1940 920 2050 cnlpae
943 1939 1118 2048 postoris
1146 1937 1383 2022 incumbere
1406 1931 1604 2044 quidquid
1637 1921 1642 1939 ’
1764 1945 1783 2000 .“

193 2083 235 2166 iu
267 2083 411 2168 oribus
453 2079 748 2194 preterlnmilius
789 2079 980 2164 utilitatis
1020 2078 1153 2164 minus
1198 2075 1380 2189 potuerit
1408 2071 1603 2160 invenire.
1781 2169 1784 2188 Ι

194 2223 495 2310 'l'autumderut
529 2223 677 2306 iterum
716 2221 813 2324 erit,
856 2220 996 2324 nt,.si
1037 2217 1223 2330 inquieto
1254 2216 1318 2301 vel
1356 2210 1603 2300 inobedienti

196 2363 312 2472 gregi
337 2363 514 2474 pastoris
539 2361 664 2446 luerit
692 2363 823 2447 omnis
845 2361 1062 2472 diligentia
1096 2359 1309 2461 attributa,
1339 2361 1382 2442 ot
1411 2354 1604 2442 morbidis
1741 2377 1756 2400 ·

179 2531 332 2588 earum
361 2505 520 2590 actibus
548 2505 737 2588 universe
760 2501 882 2588 luerit
911 2530 1009 2587 cura
1043 2499 1238 2602 exhibite,
1268 2504 1407 2612 pastor
1436 2516 1607 2581 corum*
1670 2497 1674 2505 '

74 2653 79 2666 '
193 2645 235 2729 in
266 2645 418 2730 indicio
450 2643 613 2732 Domini
651 2643 864 2728 absolutus
903 2643 1013 2728 dicat
1041 2669 1133 2727 cum
1179 2642 1379 2754 propbeta
1408 2639 1607 2747 Domino:

196 2785 425 2871 »iustitiam
456 2793 671 2888 tuarunon
692 2784 886 2871 abscondi
907 2785 949 2870 in
972 2784 1092 2870 corde
1114 2813 1217 2886 rnco,
1246 2781 1461 2866 veritatem
1490 2786 1603 2864 tuam

194 2935 237 3011 et
264 2928 442 3014 salutare
472 2935 586 3013 trnrru
617 2927 725 3028 dixi3
755 2925 832 3036 ipsi
860 2930 996 3040 uestem
1027 2929 1337 3010 contemnentes
1360 2923 1605 3031 spr'crernn't
1682 2907 1709 2948 ⁸·

192 3101 297 3174 mer,
325 3076 367 3157 et
397 3076 495 3156 tuuc
519 3072 681 3156 derisum
699 3068 1032 3156 inobedientibus
1052 3095 1171 3152 curae
1190 3093 1287 3150 suae
1307 3061 1451 3147 ovibus
1472 3089 1605 3171 poena

190 3213 247 3298 sit
274 3215 332 3296 cis
362 3213 598 3322 praeualens
629 3214 715 3323 ipso
744 3239 866 3296 mors.
1273 3309 1279 3324 .

301 3353 414 3466 Ergo
443 3384 533 3439 cum
565 3352 711 3466 uliquis
735 3352 906 3462 suscipit
931 3379 1079 3436 noureu
1098 3351 1273 3454 abbatis,
1302 3341 1455 3455 duplici
1481 3343 1604 3426 <tebet

189 3496 379 3581 doctrina
407 3495 490 3580 suis
518 3524 704 3606 praeesse
728 3493 937 3604 discipulis
959 3492 1015 3603 (id
1037 3497 1099 3575 est
1119 3490 1257 3574 omnia
1274 3491 1382 3572 bona
1400 3493 1443 3570 et
1461 3491 1603 3571 sancta
1628 3603 1631 3608 ,

190 3637 310 3722 t'actis
338 3637 514 3748 amplius
543 3665 664 3748 quam
695 3633 828 3718 verbis
865 3633 1054 3718 ostendat
1066 3636 1096 3746 ,)
1136 3635 1205 3718 era
1236 3609 1455 3742 capacibus
1483 3629 1603 3714 disci·

189 3777 298 3888 pulis
328 3765 521 3862 proculato
551 3773 718 3862 Domini
748 3773 879 3860 serbis
909 3749 1151 3886 proponere,
1181 3773 1294 3857 duris
1323 3772 1444 3857 corde
1468 3793 1601 3860 veros*

181 3893 233 4002 vet
275 3917 590 4029 simplicioribus
634 3915 754 4005 luctis
795 3893 877 4001 suis
919 3915 1061 4001 divina
1102 3920 1319 4025 prueoopta
1364 3915 1601 4032 ruorrstrurc.

189 4056 341 4143 Onmio
371 4085 466 4144 uero
495 4087 600 4170 quoe
629 4059 836 4172 discipulis
865 4058 1050 4144 docuerit
1078 4087 1164 4144 esse
1193 4056 1413 4158 contrariu,
1448 4055 1490 4138 in
1520 4053 1603 4136 suis
1684 4121 1688 4140 .

189 4200 310 4285 tinctis
340 4200 492 4286 indicet
520 4230 604 4287 nou
623 4201 798 4312 egendo,
828 4227 879 4286 ue
907 4199 998 4285 aliis
1020 4199 1375 4312 praedicansipse
1405 4195 1602 4307 reprobus
1668 4244 1671 4254 ·

243 4499 314 4591 ¹«)
336 4500 371 4570 A
394 4498 487 4572 vices
510 4498 547 4570 in
570 4492 784 4570 monasterio
806 4516 923 4588 agere.
968 4493 1004 4584 d)
1029 4491 1138 4567 OPin
1156 4491 1602 4581 monasteriosiccsagerc.
1678 4473 1689 4479 ’

186 4617 408 4712 y)··OEGlP
425 4617 582 4695 creditur
601 4617 638 4689 iu
661 4617 886 4690 monasterio.
939 4618 980 4706 ol)
1003 4613 1278 4708 BDGmKLp
1300 4613 1543 4707 praenominum
1569 4611 1608 4682 1⁴·
1709 4673 1713 4682 ,

111 4752 114 4755 ”
187 4739 340 4816 nonnius.
378 4743 411 4833 s)
421 4741 493 4814 ΑΒ
503 4739 597 4832 qrrod
610 4739 667 4814 sit.
690 4743 727 4829 ζ)
740 4739 838 4833 Luc
852 4737 992 4810 debeat.
1022 4735 1324 4829 crassamento.
1353 4731 1604 4827 '³)F11KQR

188 4863 277 4949 (GP
297 4867 342 4935 2⁰
367 4865 428 4951 m.)
452 4861 536 4936 edd.
560 4860 618 4934 sit.
708 4861 736 4948 ι)
760 4857 859 4951 OQR
880 4857 1018 4930 tontum
1042 4857 1093 4944 (iu
1123 4855 1275 4955 Isdem
1298 4859 1412 4944 oros).
1438 4849 1512 4947 [u]
1557 4856 1603 4926 In

190 4981 257 5055 ΟΡ
272 5005 356 5076 ¹sup.
380 4983 441 5056 tiu.
464 4981 555 5057 tiber
575 4983 743 5057 inscrtum
765 4992 826 5068 est,
850 4983 946 5076 paod
968 4979 1152 5054 iuDFlK
1169 4981 1208 5053 iu
1230 4989 1334 5066 tastu
1351 4981 1488 5084 tepitar,
1510 4981 1548 5052 iu
1566 4979 1606 5050 Ε

186 5107 263 5179 cius
293 5107 369 5178 loco
397 5113 550 5180 moturus.
638 5105 673 5198 a)
695 5101 835 5200 EB'QR
857 5125 988 5176 samm
1077 5103 1109 5192 t)
1131 5101 1196 5174 ΒΟ
1228 5105 1289 5193 ut,
1322 5099 1603 5206 DEFGHIKL

125 5311 133 5318 ,
187 5231 230 5299 ut
255 5232 552 5320 ....propcoat
574 5277 604 5302 ..
621 5225 636 5306 .’
652 5229 836 5300 monstret
923 5226 967 5320 μ)
990 5223 1162 5319 FHOPQ
1184 5222 1282 5297 duris
1305 5241 1388 5298 vero
1410 5221 1525 5298 eorde.
1621 5243 1623 5245 ·
