3570 5724
55 207 232 340 ιιιι,
632 233 924 330 smum.

253 485 404 542 morum
431 460 602 560 locorum
621 462 824 562 ‘corruptio
853 465 1049 564 umquem
1072 487 1165 546 veru
1189 467 1473 548 emendatio

255 607 461 702 oppurcetl
505 601 733 731 Emendatio
770 602 916 684 scilieet
941 608 1120 684 oonstmu
1146 605 1347 686 consilium
1373 606 1474 688 indi·
1533 677 1538 688 .

252 750 339 826 onte
353 745 572 826 'eonsilium
602 770 693 828 roro
720 747 824 826 ccsni
850 747 1069 848 opponitur.

57 907 101 986 Si
121 909 307 1008 posterius
319 911 443 989 locum
459 911 577 993 lrcbot
595 915 831 1014 (corrupt.
844 898 1023 1018 Onon),
1048 913 1237 1013 quomodo
1250 910 1473 1012 explicatur,

197 1037 200 1044 ’
254 1053 485 1134 mutationes
509 1079 641 1137 ornnes
667 1077 814 1154 sempor
830 1077 980 1134 mosum
998 1055 1185 1134 subiicere
1204 1053 1348 1132 bonum
1368 1077 1473 1132 curm·
1572 1121 1575 1130 ,

258 1217 332 1292 quo
357 1194 580 1296 integrum?
624 1177 626 1182 ¹
756 1299 760 1309 Ι

125 1375 127 1382 ’
169 1351 216 1440 2⁰
254 1359 458 1438 Praetereo
495 1359 536 1436 in
574 1360 777 1461 hypothesi
825 1345 1008 1438 fortuitae
1052 1359 1345 1458 corruptionis,¹
1380 1386 1475 1460 quo·

18 1533 22 1540 ·
59 1499 171 1578 rnodo
197 1499 360 1578 soluitur
374 1499 545 1600 quaestio
562 1501 701 1600 cummi
719 1500 901 1578 momenti
929 1501 987 1578 do
1014 1502 1125 1600 lego
1151 1501 1475 1580 constantino

60 1648 106 1720 et
133 1641 497 1743 regularitntis
534 1665 612 1741 qus
636 1663 766 1718 omnes
792 1643 1030 1722 differentiae
1064 1645 1112 1720 de
1149 1643 1288 1742 quibus
1313 1645 1474 1744 eginum,

58 1787 189 1881 operte
229 1782 478 1882 diriguntur?
535 1783 587 1861 Et
621 1784 812 1862 undenum
851 1785 1126 1884 explicabitur,
1167 1785 1267 1884 quod
1308 1783 1474 1882 precene

12 1907 15 1912 ’
58 1924 157 2002 ‹luoe
183 1929 334 2003 tentum
364 1925 501 2003 classes
527 1930 568 2005 ot
594 1924 798 2026 exiguntur
824 1932 865 2006 et
890 1926 1087 2008 sufficiunt
1107 1928 1157 2006 od
1185 1949 1281 2026 quos
1306 1927 1379 2004 hoc
1396 1927 1474 2004 dis·

60 2067 276 2167 oropuntine
303 2071 348 2146 ιιι
374 2069 424 2147 od
451 2093 538 2146 suos
563 2070 690 2147 tontes
716 2069 955 2148 reserantur?

170 2240 218 2326 3⁰
243 2243 436 2338 Quomodo
458 2245 639 2346 ,denique
667 2250 713 2324 ut
740 2245 881 2324 iternnl
908 2247 957 2326 ud
983 2241 1255 2346 particulorum
1286 2247 1472 2344 quondum

61 2387 186 2466 locum
214 2387 496 2482 descendamus,
525 2411 586 2466 res
613 2389 761 2490 prologi
789 2367 937 2490 saepius
963 2388 1040 2468 ium
1067 2393 1235 2468 tractatu
1262 2389 1475 2468 enodatur?

62 2531 161 2609 Sanc
185 2530 347 2625 fortuito
372 2537 552 2632 corrupto
569 2555 647 2610 esso
668 2557 745 2610 non
766 2539 893 2631 potest
910 2531 1072 2633 supponi
1090 2531 1164 2610 nisi
1184 2533 1309 2609 iormn
1325 2531 1477 2610 brevior

62 2675 203 2756 codicis
222 2673 456 2759 Oxoniousis.
513 2677 673 2754 'sextum
702 2677 801 2756 enim
829 2677 1037 2780 longiorem
1055 2677 1372 2780 'l'cgcrnscensorn
1395 2703 1475 2754 om·

63 2818 154 2898 nino
181 2819 388 2920 genunium
417 2842 496 2897 csso
523 2843 640 2918 supro
665 2822 759 2900 sctis
785 2823 987 2924 probatum
1016 2825 1087 2904 est.

55 2990 59 2999 '
169 2997 365 3088 Jomvcro,
394 2996 497 3088 dato,
524 3019 602 3073 nou
629 3019 826 3090 concesso,
854 2982 1086 3075 truncationi
1114 2995 1264 3074 cuidem
1293 2993 1493 3072 renuitae

61 3138 191 3218 deberi
219 3140 380 3216 formam
407 3137 620 3216 breviorem
650 3137 919 3232 Oxouiensem,
959 3137 1180 3240 quaeritur,
1219 3135 1410 3213 undenum
1438 3140 1478 3214 ct

61 3283 249 3381 quomodo
296 3281 488 3358 truncatio
527 3279 596 3357 illo
646 3279 699 3358 sit
737 3287 881 3363 exortu.
948 3279 1079 3358 Dices:
1130 3279 1284 3358 Excidit
1329 3279 1475 3362 lolium.

61 3427 120 3504 At
156 3425 264 3502 hoco
277 3423 414 3503 solutio
452 3423 530 3503 suis
566 3421 857 3586 ιιιιιιιιιιιιιιιιιιιι
894 3423 1082 3524 premitur
1119 3428 1298 3524 curetque
1337 3421 1477 3524 probe·

59 3566 226 3650 biliteto.
855 3603 858 3610 ·

174 3741 217 3822 Si
254 3743 364 3842 enirn
395 3746 435 3844 c)
463 3743 700 3880 computatio
737 3746 783 3823 lit
821 3743 938 3846 spatii
975 3746 1025 3824 ud
1064 3745 1227 3822 formum
1265 3741 1476 3845 longiorem

35 3828 299 3968 ,scribendum
325 3879 548 3981 necessarii,
581 3913 679 3989 quoe
707 3881 845 3968 οιιιιιιι
872 3894 983 3981 snut,
1023 3888 1216 3990 intognnn
1242 3887 1373 3968 lolium
1402 3912 1477 3965 non

62 4037 260 4134 occupent,
289 4032 577 4134 qualiscumque
603 4033 800 4112 literarum
827 4033 1024 4110 character
1047 4033 1108 4110 uel
1136 4031 1332 4132 quantos
1359 4057 1479 4110 mern·

38 4171 205 4257 'brenac
231 4178 470 4276 supponitur,
498 4177 564 4254 sod
592 4201 708 4254 unum
735 4175 915 4277 paginam
943 4173 1116 4254 nonnihil
1143 4176 1346 4269 excedunt3
1382 4199 1477 4276 qun·

63 4327 218 4422 proptor
244 4345 290 4398 or
318 4301 562 4419 preecolenti
587 4327 696 4400 tortu
721 4321 867 4422 aliquid
905 4325 977 4398 aut
1002 4345 1048 4398 ex
1074 4318 1246 4419 sequenti
1273 4319 1387 4398 simul
1414 4343 1480 4397 ox·

63 4465 198 4542 cidere
213 4463 435 4566 oportebat,
467 4465 532 4542 sed
560 4464 732 4544 neutrius
760 4463 820 4540 vel
846 4463 1047 4540 minimum
1074 4462 1280 4562 vestigium
1307 4467 1476 4562 uppuret

175 4605 218 4684 Si
231 4630 310 4706 quo
324 4613 455 4684 tamen
479 4605 522 4703 b)
536 4607 713 4704 suppleto.
727 4611 863 4698 essent,
892 4630 938 4683 cn
965 4631 1011 4683 er
1037 4605 1166 4684 codice
1179 4603 1337 4682 ulterius
1350 4601 1479 4680 elassis

64 4739 215 4827 tontum
244 4755 397 4846 sumptu
433 4748 611 4841 fuissent,
654 4774 741 4826 cum
767 4749 809 4825 in
848 4747 907 4824 his
934 4745 1154 4846 supplendis
1180 4745 1318 4824 umbue¹
1342 4745 1479 4822 classes

64 4891 219 4970 omnino
247 4893 491 4992 concordent.
549 4893 674 4985 Quare
1158 4879 1161 4884 ¹

64 5081 66 5087 '
175 5056 282 5132 nullu
309 5061 350 5153 c)
376 5058 539 5155 proferri
566 5061 695 5158 potest
719 5057 832 5182 notio,
860 5079 941 5152 cur,
969 5053 1100 5132 siclis
1123 5050 1348 5151 supplebant
1374 5073 1478 5126 nmo·

64 5223 225 5284 nuonsee
251 5225 297 5282 ex
324 5198 453 5288 codice
480 5198 643 5304 integro,
681 5198 911 5277 conclusioni
938 5199 1108 5302 prologi,
1148 5219 1246 5296 quae
1272 5199 1376 5327 certe
1402 5217 1478 5269 non
1507 5235 1509 5239 Α
