3570 5724
702 272 787 366 Cup.
811 273 937 358 xxm,
961 275 1058 349 XXX
1085 281 1123 350 et
1146 277 1270 352 XXXI.
1632 291 1684 371 3¹:

389 498 529 582 xxix.
574 503 621 580 Sl
648 503 895 580 DEBEANT
923 503 1124 582 lTl'lllUbl
1154 505 1324 584 naarai
1356 509 1590 589 FRATRES

596 643 869 724 EXEUNTES
900 647 967 722 DE
996 646 1380 732 monasterum«

245 811 248 820 ⁴
391 815 536 902 Frater
564 817 635 929 qui
664 815 833 928 proprio
863 815 963 900 vitio
991 814 1231 924 egrediens
1269 817 1319 902 de
1348 821 1616 926 monasterio,
1659 823 1692 907 si

282 959 431 1044 reverti
455 959 639 1062 voluerit,
668 959 869 1071 spondeat
895 958 1009 1070 prius
1032 987 1196 1044 omrrom
1215 963 1539 1048 emendationem
1566 965 1692 1051 viriir

283 1127 357 1212 pro
386 1131 467 1212 quo
496 1129 682 1214 egressus
712 1106 785 1204 est,
814 1102 893 1186 etsl
914 1101 973 1187 sic
1000 1102 1043 1186 in
1063 1101 1211 1186 ultimo
1233 1103 1364 1212 gradu
1383 1106 1617 1217 recipiatur,
1645 1118 1693 1194 ut

280 1269 330 1326 ex
358 1242 437 1328 boo
468 1243 553 1330 eius
581 1241 793 1328 humilitas
820 1243 1123 1356 comprobetur.

390 1382 570 1483 Quodsi
599 1383 735 1472 denno
765 1387 927 1489 exierit,
968 1413 1093 1497 usqne
1122 1385 1248 1472 tertio
1275 1388 1335 1474 ita
1362 1390 1582 1502 recipiatur
1609 1389 1689 1476 iam

184 1555 186 1560 ¹
278 1533 421 1636 postea
448 1527 611 1614 sciens⁸
650 1554 811 1614 ornnem
842 1527 920 1613 sibi
948 1527 1190 1613 reversionis
1219 1529 1376 1617 aditum
1407 1513 1612 1644 dencgari.

296 1765 307 1854 ἲ
387 1793 507 1876 xxa.
545 1795 612 1874 on
643 1793 826 1873 ruanis
857 1793 1044 1873 urruom
1078 1797 1283 1876 nunnus
1307 1793 1606 1891 'commun

781 1935 1181 2018 oounmmuruu.

247 2123 249 2126 ·
387 2093 531 2180 Omnis
558 2097 671 2178 actas
700 2095 763 2179 vel
793 2093 1025 2178 intellectus
1055 2095 1239 2206 proprius
1260 2096 1382 2182 debet
1402 2095 1553 2183 habere
1571 2129 1686 2182 uren·
1733 2119 1736 2126 ’

275 2265 409 2335 surum
450 2235 623 2346 ideoque
651 2234 811 2346 quoties
841 2235 956 2346 pueri
986 2233 1049 2318 vel
1078 2235 1421 2322 adolescentiores
1451 2219 1587 2324 aetate
1614 2249 1687 2325 aut
1736 2249 1738 2254 ’

276 2378 346 2488 qui
375 2378 510 2462 minus
528 2375 759 2488 intelligere
779 2383 962 2489 possunt,
992 2380 1148 2486 quanta
1174 2406 1304 2488 poouu
1328 2377 1382 2462 sit
1408 2383 1686 2470 exeommuni-

275 2519 466 2620 cationis,
509 2567 559 2583 -
588 2519 631 2604 hi
660 2518 774 2620 tales,
821 2517 916 2602 dum
948 2517 1215 2629 delinquunt,
1256 2524 1330 2603 aut
1356 2519 1519 2606 ieiuniis
1549 2523 1685 2610 nimiis

234 2747 236 2752 .
272 2663 514 2776 affligantur
540 2669 614 2749 aut
641 2661 775 2748 ocris(
798 2660 1030 2746 verberibus
1059 2667 1338 2766 coerceantur,
1367 2669 1414 2748 ut
1441 2671 1648 2753 sanentur.

250 2897 252 2903 ⁸
315 2870 453 3014 xxxi.
493 2932 560 3012 on
589 2930 919 3011 oannnnmuo
948 2929 1271 3010 oronnaumm
1301 2871 1489 3022 oannis
1521 2931 1646 3010 siun

381 3089 621 3180 Gallurarius
640 3061 874 3175 urouustorii
897 3089 1074 3202 eligatur
1092 3087 1141 3174 de
1160 3067 1484 3200 congregatione
1508 3069 1679 3202 sapiens,

272 3233 480 3320 rnuturis³
512 3232 706 3334 moribus,
736 3231 914 3331 sobrius,
951 3259 1034 3316 nou
1066 3232 1239 3316 multum
1269 3229 1392 3333 aslon,
1423 3231 1679 3340 nunciatus,

271 3406 353 3461 uon
386 3373 657 3474 turbulentus,
687 3405 771 3462 uon
800 3375 1031 3477 iniuriosus,
1061 3401 1145 3459 nou
1169 3373 1323 3475 tardus,
1354 3402 1438 3459 non
1468 3363 1681 3488 prodigus,

269 3520 339 3605 sed
369 3517 517 3604 timens
546 3521 698 3621 Deum,
735 3517 806 3629 qui
835 3513 949 3601 omui
977 3517 1291 3628 congregationi
1320 3517 1376 3602 sit
1406 3517 1512 3602 sicut
1550 3523 1699 3628 puter.-

380 3661 528 3744 Ourum
564 3667 683 3772 gerat
720 3661 769 3746 do
799 3660 1013 3760 omnibus3
1054 3660 1141 3745 sine
1171 3659 1348 3746 iussione
1382 3657 1549 3744 abbatis¹
1576 3658 1679 3743 nihil

270 3803 418 3903 luciat3
447 3831 552 3912 quae
579 3801 775 3887 iubentur
802 3803 1018 3888 custodiat.
1078 3801 1240 3888 l'ratros
1270 3829 1355 3887 non
1381 3803 1617 3904 contristct;
1646 3805 1680 3887 si

270 3947 361 4056 quis
389 3945 515 4031 frater
543 3945 596 4029 ab
625 3972 673 4027 eo
701 3945 807 4030 lorte
834 3945 972 4056 eliqua
1000 3945 1339 4034 irrationabiliter
1368 3944 1563 4054 postulat,
1598 3973 1679 4028 uon

269 4090 496 4199 spernendo
526 4101 617 4174 curn
646 4089 866 4174 contristet
894 4089 963 4173 sed
993 4088 1293 4173 rationabiliter
1322 4115 1415 4172 cum
1444 4086 1680 4170 humilitate

270 4233 375 4317 nruls
419 4231 577 4344 petenti
620 4232 807 4345 deneget.
880 4231 1070 4338 Animum
1122 4260 1235 4316 suam
1280 4230 1486 4316 custodiat
1527 4257 1680 4314 memor

255 4402 426 4504 ,semper
469 4375 572 4460 illud
614 4367 911 4486 apostolicum,
953 4375 1048 4483 quia
1096 4375 1188 4486 »qm
1231 4375 1343 4492 bene*
1378 4373 1714 4473 ministraverit,

226 4597 231 4605 ⁵
355 4617 391 4708 a)
412 4619 447 4688 A
470 4617 508 4688 Si
538 4616 695 4690 debeant
715 4615 845 4690 iterum
875 4616 920 4689 dc
947 4615 1162 4690 monasterio
1193 4613 1302 4707 recipi
1334 4614 1460 4686 iratres
1494 4616 1679 4697 exeuntem

270 4737 360 4832 osi
382 4737 513 4812 debeut
534 4738 664 4812 iterum
686 4739 841 4832 recipere
863 4741 928 4813 stc.
981 4741 1018 4833 β)
1040 4735 1380 4831 DEFGHIKLOQ
1402 4733 1488 4809 codd.
1513 4739 1578 4805 aut
1601 4757 1679 4824 pro·

268 4857 386 4932 iiuitur
408 4861 459 4947 (in
483 4861 518 4934 R
546 4881 655 4948 cros„
686 4861 723 4933 in
747 4861 860 4934 Grec.
883 4881 975 4934 anun.
1013 4861 1154 4951 addis).
1178 4858 1251 4964 [D.]
1317 4898 1319 4906 ·
1340 4859 1378 4950 γ)
1399 4857 1471 4930 ΑΒ
1494 4877 1559 4928 orn.
1590 4847 1680 4928 vitii.

264 4987 305 5074 δ)
329 4982 429 5076 OQR
450 5005 515 5056 cnr.
539 4988 587 5060 et.
611 4984 685 5076 [D.]
775 4985 808 5077 c)
831 4978 1224 5082 canomannica
1318 4981 1354 5071 c)
1377 4975 1515 5069 FKOQ
1538 4975 1678 5049 ucrilurs

266 5109 317 5194 (P
337 5107 388 5180 sic
416 5101 531 5198 corn).
620 5107 658 5190 ol
678 5104 845 5197 BDrKQ
873 5127 937 5180 orn.
967 5104 1085 5198 qualis
1114 5101 1164 5174 sit
1193 5102 1244 5188 (in
1269 5097 1331 5174 Ob
1352 5117 1420 5171 rec.
1444 5119 1536 5170 oron.
1567 5097 1678 5186 adu).

266 5233 309 5323 o)
333 5229 444 5304 DKL
466 5229 565 5320 <11⁶
594 5237 654 5316 m.)
677 5233 850 5304 moturus.
1420 5235 1421 5238 ’
1453 5273 1455 5276 -
