3570 5724
858 217 944 308 Cup.
969 216 1029 289 iil.
1558 239 1563 252 ¹
1594 221 1647 308 25
1700 189 1708 210 ¹

362 446 429 525 rn.
472 443 736 538 onnnrrsu
764 445 1030 551 oonnnors
1061 446 1247 558 omnus
1279 444 1514 525 vrurnsn
1620 489 1636 525 ,·

398 573 407 592 ’
566 615 570 624 ·
808 589 1074 669 scansus.
1538 615 1542 626 ·

352 767 569 854 Dominioo
585 768 682 854 dies
706 769 927 882 temperius
943 774 1136 880 surgatur
1155 769 1207 852 ad
1230 769 1400 880 vigilias.
1433 769 1648 880 inquibus
1681 747 1692 894 ’λ

240 885 390 1020 sigiliis
429 913 617 996 teneatur
644 941 855 1017 mensura,
897 910 938 996 id
967 917 1030 996 cst
1058 911 1299 1012 modulatim
1340 915 1539 1021 utsupra
1566 913 1648 995 dis·

119 1143 122 1149 ,
240 1051 492 1161 posuiurnsll
524 1085 593 1140 ses
622 1057 788 1168 psalmis
817 1061 860 1140 et
890 1084 1018 1152 versu,
1051 1052 1352 1138 residentibus?
1381 1052 1539 1136 cunctis
1568 1053 1648 1135 dis·

238 1195 403 1304 positesl
431 1202 474 1280 st
501 1227 573 1307 per
601 1199 785 1283 ordinem
815 1199 857 1282 in
887 1195 1089 1279 subselliis
1117 1193 1312 1303 legantur
1345 1195 1387 1312 ip
1418 1193 1570 1292 codice,
1602 1200 1649 1276 ut

104 1425 106 1429 ,
238 1336 578 1443 supradiximus,
608 1347 785 1447 qrrsrtnor
814 1337 1009 1422 lectiones
1040 1362 1131 1419 cunr
1159 1333 1423 1444 responsoriis
1451 1331 1546 1434 suls,
1576 1333 1645 1454 uld

238 1481 398 1560 tanturn
429 1478 472 1561 in
502 1484 650 1588 quarto
679 1477 940 1590 responsorio
970 1478 1130 1562 dicatur
1158 1505 1182 1558 u
1211 1476 1406 1558 casstante
1434 1471 1645 1569 »Gloriu‹;

242 1645 363 1724 quarn
395 1618 489 1702 dnm
521 1619 679 1728 incipit,
708 1647 803 1704 rnox
831 1647 974 1704 ornnes
1002 1647 1094 1702 omn
1124 1613 1351 1701 reverentia
1379 1617 1565 1723 surgant.
1595 1661 1646 1720 3-
1700 1709 1701 1712 p

239 1755 339 1839 Post
359 1757 506 1866 quibus
522 1735 794 1843 lectionibus‘
814 1765 1040 1870 sequantur
1055 1787 1104 1844 er
1121 1757 1263 1841 ordine
1285 1755 1355 1840 elii
1378 1757 1477 1838 sert
1500 1753 1646 1861 psalmi

137 1933 141 1938 ·
237 1924 328 1978 uum
359 1897 639 2006 untipbonuss
668 1898 775 1985 siout
801 1901 1027 1986 anteriores
1055 1903 1097 1984 et
1125 1887 1283 1982 sersus.
1333 1892 1645 2002 Possquibuse

237 2035 385 2120 iterum
427 2037 619 2148 legantur
653 2041 758 2126 uliae
797 2048 976 2157 quatuor
1016 2039 1212 2125 lectiones
1250 2065 1342 2122 enm
1381 2029 1646 2142 responsoriis

236 2177 319 2263 suis
347 2178 490 2265 ordine
518 2209 600 2291 quo
622 2207 782 2292 supro.s
806 2231 857 2247 ·-
888 2185 988 2268 Post
1010 2181 1158 2293 quibus
1175 2177 1366 2263 dicantur
1387 2175 1468 2260 tria
1488 2173 1647 2258 cantico
1686 2287 1689 2292 Ι
1716 2295 1718 2302 J

237 2319 286 2404 do
323 2311 626 2438 prophetarum
657 2351 758 2432 quas
787 2323 1012 2408 instituerit
1039 2321 1189 2419 abbam
1231 2348 1335 2428 quau
1364 2317 1524 2402 caustica
1552 2342 1645 2398 cum
1736 2313 1737 2320 ‘

241 2461 465 2547 »Alleluia«
510 2463 751 2573 psalluntur.
820 2465 944 2550 Dicto
986 2465 1109 2550 etiarn
1142 2489 1258 2546 versu
1298 2467 1340 2544 et
1379 2457 1645 2544 benedicente
1738 2463 1739 2466 ‘

236 2603 387 2688 abbate
417 2605 609 2712 leguntur
637 2603 742 2690 uliae
762 2613 939 2716 quietuor
969 2605 1163 2693 lectiones
1193 2603 1244 2688 de
1264 2630 1370 2687 novo
1400 2605 1645 2684 testamento

236 2743 378 2828 ordine
407 2772 489 2852 quo
518 2772 653 2854 supra.
686 2789 737 2809 -
768 2747 866 2831 Post
893 2758 1084 2858 quartum
1100 2750 1235 2829 autem
1255 2739 1560 2850 responsorium
1581 2739 1645 2820 in·
1711 2772 1715 2780 ¹

235 2885 362 2996 cipiet
389 2886 516 2970 abbas
545 2885 745 2996 hymnum
779 2887 860 2971 s'l'e
891 2887 1023 2972 Deum
1053 2885 1313 2981 landuinum
1352 2911 1434 2992 quo
1463 2877 1645 2990 perdicto

234 3025 348 3136 legat
375 3026 503 3111 ubbss
530 3027 748 3112 lectionem
780 3029 829 3114 de
849 3027 1074 3140 Evangelio
1098 3057 1191 3112 curn
1218 3025 1374 3112 bonore
1402 3025 1445 3105 et
1467 3019 1645 3104 timor-ex
1727 3142 1731 3150 1

158 3223 161 3228 .
235 3167 440 3252 stuntibns
458 3170 666 3269 ornnibnsr
690 3199 771 3280 qua
787 3170 968 3284 perlecto
985 3169 1260 3280 respondeant
1290 3193 1429 3249 ornnes
1448 3163 1645 3260 »Arnen«,

236 3314 278 3394 et
317 3311 588 3422 subsequatur
628 3339 723 3395 mor
752 3311 877 3396 ubbus
918 3313 1114 3422 byrnnurn
1148 3308 1230 3394 s'l'o
1272 3309 1389 3404 decet
1428 3303 1564 3406 laus«,
1603 3306 1647 3384 et

90 3453 92 3456 ’
186 3527 189 3534 .
235 3451 333 3536 deta
363 3451 647 3538 benedictione
678 3451 878 3562 incipiunt
907 3454 1144 3538 nrututinos.

346 3593 423 3693 Qui
453 3592 554 3676 ordo
583 3593 817 3704 vigiliarum
846 3597 958 3680 omni
988 3601 1172 3706 tempore
1208 3601 1299 3678 tuns.
1320 3593 1487 3677 aestatis
1523 3619 1644 3698 quoru
1727 3631 1730 3638 =

235 3735 380 3820 hiensis
408 3732 634 3844 aequaliter
663 3732 704 3817 in
745 3735 811 3822 die
852 3737 1057 3824 dominico
1094 3741 1315 3835 teneatur‚'
1346 3735 1410 3834 ni,
1453 3733 1487 3817 si
1527 3737 1644 3834 sorte,

236 3877 345 3988 qnod
375 3877 495 3978 obsit,
535 3875 693 3962 tardius
722 3881 942 3991 surgenti
975 3879 1169 3990 uliquidl‘
1205 3877 1256 3963 de
1285 3875 1528 3963 lectionibus
1556 3877 1647 3959 bre·

160 4033 163 4040 ’
236 4017 427 4104 viandum
457 4023 618 4105 estant
642 4021 920 4132 responsoriis.
975 4022 1095 4130 ,Quod
1112 4027 1249 4106 tamen
1270 4019 1646 4142 omuinocavestur

181 4147 183 4151 ¹
235 4188 287 4248 ne
316 4160 552 4274 proveniet3
583 4161 692 4275 qnod
722 4165 755 4250 si
784 4163 1019 4277 contigerit,
1049 4163 1174 4276 dignu
1199 4161 1294 4246 inde
1312 4157 1539 4246 satisfaciat
1558 4161 1645 4245 Deo

237 4302 277 4389 in
308 4302 492 4392 oratorio
520 4333 594 4417 per
622 4305 735 4392 cuius
764 4308 947 4395 evenerit
975 4305 1252 4418 neglectum.y

236 4529 498 4546 ..ώσω-ι*

154 4735 158 4745 ,
222 4623 226 4632 ¹
321 4659 358 4749 a)
382 4653 481 4751 OQR
502 4655 689 4730 dominicis
711 4657 846 4732 diebus.
871 4615 944 4751 [u]
1032 4662 1070 4750 rt)
1093 4657 1131 4732 D
1150 4656 1385 4750 exposuimus.
1458 4661 1512 4748 'pl
1534 4656 1572 4728 D
1594 4679 1644 4728 so·

235 4777 412 4850 dentibus.
459 4827 462 4834 ·
502 4781 542 4869 d)
567 4781 598 4872 Q
625 4776 799 4872 dispositi.
889 4783 921 4872 e)
944 4781 1003 4853 Sic
1025 4775 1290 4884 ΑΒΟΟΙὮΒ.Ι
1360 4779 1451 4868 ζ)’0
1479 4799 1544 4850 om.
1575 4801 1646 4849 sex.

238 4899 273 4987 s)
297 4899 356 4986 Sip
378 4899 512 4972 ABUO
611 4901 653 4992 d)
674 4901 734 4972 Sic
757 4899 975 4974 ABEOPR.
1061 4903 1087 4990 r)
1112 4899 1210 4991 OQR
1231 4921 1294 4971 om.
1321 4897 1406 4970 Post
1428 4897 1558 4988 quibus
1580 4899 1644 4969 ite·

234 5041 310 5089 rum
334 5043 442 5111 usqne
464 5023 513 5092 nd
534 5019 659 5094 ordine
688 5045 759 5113 qno
788 5046 904 5114 snpra.
931 5023 1004 5116 [u]
1094 5018 1652 5112 ιι)1)1(1,001ἰὶωιιιοτο.[0.]Δ

234 5141 267 5232 l)
290 5141 401 5216 For(
421 5143 599 5235 surgutnr'.
689 5147 734 5236 μ)
757 5143 853 5218 Det
876 5144 1024 5239 aliquid.
1114 5144 1149 5236 ν)
1167 5121 1208 5215 ¹R
1229 5141 1459 5256 srepligontis.
