3570 5724
863 265 949 360 cap.
973 262 1016 342 v·
1469 187 1475 206 Ι
1586 273 1635 359 15

194 613 196 620 Α
229 483 367 570 omnin
395 484 616 598 diligenter
643 513 870 596 operemur,
899 488 1079 575 claustra
1101 493 1198 574 erint
1219 492 1456 578 uronosterii
1485 497 1527 576 ot
1551 495 1637 614 sta·

149 741 163 768 x
228 628 364 713 bilitas
392 628 436 712 iu
464 630 800 740 congregatione.

672 851 721 932 V.
757 855 826 934 DE
855 853 1187 938 OBDDIENTIA.
1326 893 1332 904 ·

335 1021 496 1106 Primus
535 1020 780 1107 humilitatis
821 1024 972 1134 gradus
1012 1031 1075 1109 est
1111 1025 1346 1112 obedientia
1381 1030 1470 1114 sine
1506 1058 1633 1119 urum.

226 1165 338 1250 llaec
366 1163 559 1248 coureuit
589 1163 652 1249 bis
692 1165 762 1274 qni
792 1163 896 1248 nihil
923 1165 1002 1250 sibi
1029 1189 1087 1250 a«
1116 1165 1280 1252 Christo
1320 1169 1452 1254 corius
1479 1171 1633 1284 aliquid

224 1303 474 1389 existimant.
532 1305 709 1415 Propter
736 1305 947 1391 servitium
976 1313 1163 1394 sanetum
1193 1307 1303 1418 qnod
1324 1310 1494 1419 professi
1524 1318 1632 1416 sunt,

223 1475 293 1530 scu
335 1452 505 1558 propter
542 1452 696 1531 metum
738 1447 950 1556 gehenuae
978 1449 1043 1534 vel
1082 1450 1256 1562 gloriam
1285 1453 1393 1538 ritae
1429 1459 1633 1557 aeternae,

224 1614 319 1670 rrrox
348 1593 427 1671 ure
448 1586 604 1699 aliquid
622 1587 879 1710 'imperatum
908 1619 933 1674 a
962 1588 1115 1678 maiore
1145 1591 1358 1695 fueritne
1387 1595 1420 1680 si
1436 1595 1633 1682 divinitus

223 1730 463 1838 imperetur,
504 1756 660 1814 moram
697 1727 784 1840 pati
814 1731 1030 1818 rreeciantr
1065 1730 1106 1816 in
1136 1732 1335 1822 faciendo.
1393 1735 1455 1820 De
1484 1736 1632 1846 quibus

223 1867 425 1954 Dominus
451 1869 572 1955 dicit:
617 1869 853 1956 »Obauditu
886 1869 996 1954 auris
1028 1873 1211 1959 obedivit
1243 1875 1389 1975 mihim
1422 1885 1464 1962 et
1493 1878 1633 1962 itemcl

222 2010 323 2094 dicit
351 2011 606 2096 doctoribus:
639 2010 740 2112 »Qui
770 2040 841 2096 ros
868 2013 985 2098 audit
1015 2042 1078 2130 nup
1106 2015 1259 2102 audite
1308 2023 1311 2030 '

332 2151 445 2265 Ergo
486 2154 527 2240 hi
567 2154 670 2238 tales
697 2152 975 2265 relinquentes
1014 2155 1154 2240 statim
1183 2185 1288 2267 quae
1326 2187 1401 2245 sua
1427 2164 1547 2261 sunit,
1589 2169 1631 2247 et

154 2373 157 2380 .
222 2297 476 2381 voluntatem
507 2294 713 2408 propriam
744 2297 999 2400 deserentes,
1031 2325 1124 2383 mox
1154 2301 1413 2410 exoccupatis
1443 2303 1630 2388 manibus
1689 2307 1693 2318 ’

219 2444 262 2522 ct
286 2436 397 2549 quod
411 2438 594 2548 agebant
606 2434 891 2548 imperfectum
909 2439 1199 2552 relinquentes,
1225 2441 1359 2526 vicino
1374 2442 1629 2530 obedientiae

220 2581 321 2690 pede
350 2580 527 2666 iubentis
558 2607 698 2666 rocem
736 2572 859 2688 lactis¹
894 2587 1143 2692 sequuntur,
1185 2587 1228 2667 et
1256 2583 1381 2669 relati
1421 2613 1503 2671 uuo
1539 2615 1628 2672 mo·

220 2727 359 2808 monto
396 2721 604 2832 praedicta
632 2722 818 2834 magistri
847 2725 1043 2808 iussioet
1077 2722 1259 2834 perfecta
1287 2724 1475 2836 discipuli
1503 2757 1628 2838 opera

222 2909 266 2928 -
300 2863 343 2947 iu
373 2863 590 2949 velocitate
630 2862 789 2948 timoris
818 2861 894 2948 Dei
932 2864 1078 2954 arubae
1107 2893 1171 2952 ree
1204 2868 1478 2954 commonitor
1506 2870 1627 2956 citius

217 3005 485 3115 explicantur.
1473 3025 1476 3031 '

327 3145 482 3246 Quibus
512 3147 562 3231 ad
592 3147 719 3232 vitam
755 3155 963 3233 aeternam
1002 3147 1215 3258 gradiendi
1257 3179 1373 3235 umor
1410 3152 1624 3256 incumbit,

215 3289 308 3374 ideo
324 3295 543 3400 augustam
559 3289 664 3374 vium
685 3287 889 3400 arripiunt
906 3289 1031 3400 (unde
1046 3289 1246 3376 Dominus
1261 3291 1381 3378 dicit:
1410 3296 1625 3406 »Augusta
1671 3274 1675 3283 ¹

214 3431 283 3516 ria
310 3438 374 3516 est
401 3452 506 3542 quae
534 3430 650 3516 ducit
677 3430 729 3514 ad
758 3430 944 3543 vitame)
974 3439 1021 3518 ut
1050 3461 1133 3517 non
1152 3463 1227 3518 suo
1247 3435 1417 3520 arbitrio
1441 3437 1624 3523 viventes
1726 3475 1730 3482 ·

186 3597 189 3602 ·
215 3573 278 3657 vel
295 3561 602 3660 desideriis'suis
620 3579 665 3658 et
680 3572 990 3683 voluptatibus⁶
1013 3574 1262 3680 obedientes,
1276 3576 1347 3661 sed
1367 3557 1623 3662 ambulantes
1736 3635 1740 3642 -

214 3713 349 3798 alieno
387 3713 539 3799 iudicio
577 3715 827 3830 etimporio
866 3716 909 3800 iu
949 3715 1158 3803 coenobiis
1199 3717 1395 3829 degentes
1430 3720 1623 3806 abbatem

212 3856 290 3942 sibi
319 3884 503 3968 proeesse
533 3859 778 3945 desiderant.
834 3857 933 3944 Sine
961 3858 1087 3944 dubio
1116 3857 1159 3943 hi
1189 3859 1292 3961 tales
1321 3861 1432 3946 illam
1458 3859 1622 3947 Domini
1661 3887 1662 3890 ‘

211 3999 428 4086 imitantur
460 4000 707 4087 sententium
749 4027 832 4111 qua
868 3999 987 4086 dicit:
1032 3997 1152 4087 »Non
1180 4000 1274 4086 veui
1316 4003 1448 4090 lucere
1476 4004 1622 4090 volun·

211 4147 339 4228 tatem
369 4171 502 4230 meam
530 4141 601 4230 sed
630 4141 715 4230 eius
743 4141 815 4252 qui
844 4142 955 4228 misit
973 4171 1076 4230 me«
1110 4191 1160 4210 -
1192 4144 1271 4232 Sed
1295 4145 1395 4258 boec
1411 4146 1500 4258 ipsa
1523 4150 1621 4233 obc·
1680 4209 1682 4214 -

48 4337 49 4340 κ
211 4285 367 4372 dieutia
395 4291 495 4372 tuuc
523 4285 787 4400 acceptabilis
816 4283 895 4371 erit
925 4285 1013 4372 Deo
1048 4293 1093 4372 et
1119 4287 1250 4374 dulcis
1288 4289 1547 4394 hominibus,
1587 4293 1621 4376 si
1674 4319 1681 4331 ·

210 4430 320 4540 quod
343 4428 520 4534 iubetur,
549 4459 635 4516 nou
655 4427 825 4540 trepide,
856 4455 941 4515 uon
971 4429 1100 4534 turdo,
1129 4459 1213 4516 nou
1242 4433 1411 4545 tepidos
1434 4439 1508 4518 aut
1525 4462 1618 4519 eum

142 4637 144 4640 -
209 4573 437 4660 murmurio
466 4571 530 4660 vel
558 4597 684 4660 cumr
708 4598 903 4683 responso
932 4570 1113 4658 nolentis
1141 4574 1366 4692 efficiatur:
1395 4575 1493 4685 quia
1521 4578 1620 4662 obe·

251 4776 332 4929 'q
353 4835 551 4913 numm
581 4854 647 4910 ιιι.
677 4854 710 4906 ι.
809 4833 846 4925 a)
870 4831 936 4908 cn
965 4851 1032 4908 ιιι.
1062 4839 1104 4906 ιι
1138 4833 1189 4921 (n
1211 4833 1282 4906 au
1304 4839 1346 4910 ue
1367 4842 1412 4909 e«
1437 4857 1481 4911 ιιι.
1504 4839 1618 4928 ean).

127 5059 128 5062 Ἴ
204 4959 245 5050 y)
265 4955 396 5032 Idm(
420 4955 592 5030 nesciunt.
657 4958 700 5045 d)
722 4952 829 5029 Arre
848 4954 1004 5028 iterum·
1065 4953 1099 5044 e)
1119 4951 1240 5046 1003
1262 4954 1518 5031 voluntatibus.
1542 4961 1616 5052 [D.]
1671 5029 1672 5034 ,
1739 5059 1742 5064 Δ

204 5082 242 5170 τ)
264 5075 341 5150 ΑΚ
360 5099 429 5150 nou
452 5076 654 5170 tepidenon
676 5075 781 5148 turdo
801 5095 870 5148 non
888 5071 1028 5166 trepido
1050 5073 1100 5162 (Ρ
1117 5073 1254 5165 partim
1268 5073 1448 5164 siceum).
1494 5077 1617 5164 qlAE
1702 5081 1706 5096 '

206 5220 273 5272 our.
297 5221 390 5272 curn.
767 5248 769 5254 ·
837 5213 842 5222 ·

1215 5299 1391 5432 [ι’
1580 5407 1584 5414 ,
