3570 5724
8 220 55 306 2
360 171 462 266 Ι·
617 245 837 348 .Pmlogus.

10 439 255 552 ”difflue
285 449 428 544 divina
455 443 642 572 quotidie
669 473 852 564 olamans
879 459 980 592 quid
1007 465 1084 568 uus
1110 477 1334 568 nemone·
1354 493 1435 554 vox

11 577 184 672 diosus:
228 591 393 682 »Hodie
428 601 634 694 uiroeem
672 613 759 702 eius
798 621 1032 728 audieritis,
1070 623 1200 710 nolite
1236 614 1437 704 obdumre

11 723 148 810 eorda
173 737 353 840 vestra«
383 744 627 837 etiterum:
659 753 763 855 »Qui
789 760 1052 853 hebetantes
1071 760 1264 852 audiendi
1281 754 1436 852 eudiat,

11 865 121 972 quid
149 867 331 980 Spiritus
368 881 481 970 «lieet
518 893 735 984 ecelesiis«
769 949 821 969 -
850 905 907 991 Et
940 909 1041 1018 quid
1073 906 1203 995 dieite
1250 894 1438 998 »Venite
1480 993 1484 998 ,

12 1001 116 1111 filii,
164 1014 309 1104 audite
354 1051 441 1130 me,
489 1031 691 1122 timorem
720 1041 891 1132 Domini
931 1049 1090 1138 docebo
1130 1075 1226 1146 vost
1272 1037 1437 1135 mmihi·

10 1145 118 1234 dum
146 1151 287 1244 lumen
317 1165 428 1252 vitae
455 1168 640 1281 habetis,
675 1209 730 1268 ne
756 1189 953 1274 tenebrae
980 1191 1125 1278 mortis
1153 1213 1227 1272 voe
1253 1183 1440 1290 eompre-
1542 1219 1544 1224 ·
1638 1150 1646 1185 ’Ὺ

8 1285 241 1380 bonusne«

128 1431 185 1519 Et
224 1468 427 1549 quaerens
455 1451 657 1548 Dominus
693 1461 738 1546 iu
766 1468 1035 1558 multitudine
1073 1467 1217 1583 populi
1243 1463 1310 1552 eui
1337 1457 1440 1541 haec

7 1567 168 1658 eluunt
193 1586 429 1688 operarium
457 1613 577 1680 suum
613 1599 764 1690 iterum
806 1609 928 1696 eicit:
972 1613 1096 1712 »Quis
1124 1617 1188 1696 est
1213 1607 1340 1692 homo
1367 1593 1440 1705 (Ιώ

8 1712 106 1794 vult
125 1717 252 1802 vitam
282 1729 327 1808 et
354 1731 470 1840 eupit
492 1737 631 1824 videre
658 1743 748 1830 dies
776 1749 962 1837 bonosi:
1005 1753 1123 1853 Quod
1152 1745 1187 1836 ¹si
1202 1753 1251 1833 tu
1268 1739 1442 1829 audiem

6 1858 280 1962 respondeas:
310 1865 418 1979 ligo,
447 1874 551 1961 dieit
578 1881 656 1966 tibi
686 1889 822 1976 Deus:
862 1893 932 1978 »Si
960 1896 1022 1980 vis
1048 1892 1202 1978 habere
1229 1907 1368 1970 veram
1398 1878 1442 1956 et

6 2001 254 2106 perpetuam
284 2009 436 2116 uitam,
467 2017 643 2127 prohibe
670 2025 859 2138 linguam
890 2039 1005 2120 tuam
1032 2065 1059 2120 a
1086 2031 1221 2132 malo,
1260 2027 1304 2110 et
1329 2015 1444 2105 labia

5 2139 80 2224 tua
110 2169 163 2226 ne
199 2143 429 2260 loquantur
467 2158 633 2266 dolum3
673 2167 846 2261 deverte
885 2175 1048 2263 amalo
1088 2183 1131 2260 et
1169 2173 1235 2260 lue
1263 2166 1446 2253 bonum?

4 2278 172 2392 inquire
201 2317 348 2398 paoem
379 2301 424 2382 et
451 2329 625 2414 sequere
647 2337 755 2402 eum.
814 2317 869 2403 Et
883 2347 977 2405 uum
993 2317 1094 2405 haee
1110 2313 1303 2414 feceritis,
1334 2299 1446 2392 oculi

5 2425 89 2508 mei
118 2455 245 2539 super
274 2463 371 2542 vos,
413 2449 456 2526 et
485 2475 607 2532 aures
634 2481 752 2539 meae
778 2460 832 2544 ud
870 2491 1008 2572 preees
1035 2468 1213 2558 vestras,
1254 2458 1299 2539 et
1327 2449 1449 2536 aute·

4 2591 131 2676 quum
150 2603 218 2659 une
238 2575 456 2688 invocetis,
479 2588 624 2674 'dicam
643 2595 785 2684 vobisx
815 2601 921 2687 Eune
938 2603 1118 2690 adsum«
1146 2649 1199 2666 -
1223 2594 1332 2698 Quid
1353 2586 1451 2674 dul·

2 2710 92 2794 eins
121 2716 248 2800 nobis
276 2720 333 2803 ab
360 2723 442 2810 hae
471 2755 577 2814 vooe
606 2731 779 2822 Domini
807 2741 1148 2846 invitantium,
1179 2741 1328 2823 iratres
1356 2755 1450 2814 eur·

1 2847 188 2942 nissimi?
233 2857 343 2946 Eone
371 2865 535 2978 pietate
563 2899 637 2956 sua
664 2873 924 2965 demonstrat
951 2881 1069 2968 nobis
1096 2878 1306 2965 Dominus
1334 2871 1448 2956 viam

2 2989 127 3077 vitae.
174 2995 446 3090 Sueeiuetisss
469 3036 575 3117 ergo
596 3012 679 3096 fide
693 3015 757 3098 vel
774 3017 1034 3112 observantia
1048 3023 1254 3106 bonorum
1276 3017 1447 3098 actuum

2 3130 158 3217 lumbis
188 3130 362 3227 'nostris
403 3175 477 3255 per
519 3149 718 3238 ducatum
752 3157 996 3270 Evangelii?
1030 3131 1270 3272 pergarnuss
1294 3156 1452 3240 itinera

3 3274 101 3374 eius,
135 3283 188 3362 nt
217 3312 459 3373 mereamur
487 3318 583 3374 eum
612 3294 685 3404 qui
714 3325 790 3383 nos
818 3301 980 3384 vocavit
1007 3302 1051 3384 in
1078 3330 1256 3412 regnum
1285 3293 1454 3382 snum&

5 3416 160 3508 uidere.
220 3423 274 3510 In
316 3431 438 3539 eujus
466 3435 588 3542 regui
627 3435 923 3526 tubernuuulo⁸
957 3443 991 3528 si
1018 3444 1207 3528 volumus
1239 3439 1455 3534 habitare,

7 3559 86 3644 nisi
115 3560 221 3648 illue
249 3567 383 3653 bonis
410 3572 574 3656 autibus
596 3579 834 3683 curritur,
861 3584 1027 3670 minime
1054 3583 1308 3694 pervenitur.

119 3701 208 3788 Sed
236 3708 551 3820 interrogemus
580 3742 675 3799 enm
704 3719 905 3828 propheta
926 3723 1145 3808 Dominum
1164 3723 1357 3808 dieentes
1388 3718 1456 3804 ei:
1485 3805 1489 3814 .

15 3843 237 3948 »Domine
252 3850 351 3956 quis
366 3850 575 3936 habitabit
589 3854 633 3937 in
649 3857 913 3943 tabernaculo
929 3866 1013 3964 tuo,
1030 3868 1102 3947 unt
1117 3863 1210 3972 quis
1221 3851 1459 3971 requiescit

14 3989 59 4072 iu
87 3989 233 4066 monete
261 3994 419 4072 saneto
446 3996 573 4076 tuoe«
607 3993 710 4077 Post
737 3995 843 4080 bano
869 3999 1251 4110 interrogationem,
1282 4003 1458 4106 iratres,

17 4123 234 4211 audiamus
277 4125 509 4212 Dominum
551 4133 867 4239 respondentem
909 4145 951 4221 et
995 4143 1283 4226 ostendentem
1329 4142 1460 4226 nobis

20 4264 130 4347 uiam
158 4261 292 4368 ipsius
320 4265 583 4350 tabernaculi
611 4269 798 4357 dieense:
841 4275 943 4370 »Qui
980 4277 1214 4386 ingreditur
1242 4284 1337 4366 sine
1366 4309 1463 4364 ma·

26 4447 293 4468 ”¹⁸-

116 4529 153 4613 α)
172 4526 520 4620 BDFGHIKLOQ
533 4533 974 4626 samosataeum).
1018 4546 1056 4632 β)
1078 4547 1386 4639 Qiueningentes
1400 4599 1412 4624 .
1424 4571 1461 4625 a
1600 4585 1608 4609 ³

27 4640 170 4715 lumbos
189 4646 343 4714 nostros.
435 4647 475 4730 γ)
497 4647 675 4738 GHOQR
702 4651 783 4737 (urna
805 4675 869 4740 per
889 4656 1054 4728 ducatum
1078 4661 1287 4758 Evangelii)
1318 4676 1360 4742 et
1382 4673 1465 4740 ual-

32 4757 145 4832 centis
165 4757 201 4824 iu
222 4759 503 4848 praeparatione
531 4766 600 4852 (·m
623 4765 710 4852 HQ)
731 4765 915 4859 Evangelii
945 4776 1042 4860 pauiu
1064 4781 1218 4867 pedibus
1241 4809 1464 4877 pergamus.

35 4875 110 4964 [DJ
196 4878 237 4960 d)
266 4875 650 4972 DEFGHILOPQR
678 4883 716 4951 in
745 4906 855 4972 regno
885 4909 956 4957 sno.
980 4891 1069 4982 [Di]
1157 4903 1192 4990 e)
1216 4903 1249 4972 0
1281 4909 1470 4978 taberna·

35 4991 135 5061 eutis.
188 4995 226 5075 C)
251 4993 491 5084 GGHOPQR
512 5003 695 5084 enrratnur,
719 5000 807 5088 [Di]
850 5002 980 5074 DlKL
1001 5015 1172 5084 menende
1186 5005 1250 5106 ‘(in
1274 5026 1313 5094 P
1336 5031 1469 5112 crea).

39 5109 74 5196 η)
96 5105 369 5177 CDEFGHIK
390 5113 442 5197 (P
464 5125 502 5182 1⁰
520 5122 580 5195 en.)
602 5118 794 5187 dicentem.
