3570 5724
100 229 157 308 x·
263 293 267 302 .
682 169 949 339 rrum

743 433 847 523 11,-

6 671 35 688 s.
170 623 171 626 ‘
208 605 267 722 De
294 599 527 682 authenticis
551 627 644 682 vero
664 553 984 706 apographis,
1010 599 1086 679 nisi
1111 601 1160 681 de
1180 599 1341 695 dnobus,
1368 601 1513 678 tertam

6 799 7 802 a
68 749 176 829 'non
204 747 385 828 habemus
411 743 604 830 notitiam.
659 744 784 828 Unius
820 747 1050 828 montionem
1086 742 1181 824 feeit
1207 741 1349 822 mum
1373 741 1515 819 Warn·

5 1011 7 1064 l

98 891 222 970 fridus
248 889 437 970 Diaoonus
464 887 506 966 in
533 913 603 967 sna
628 887 802 988 epistola,
832 889 940 968 onius
966 889 1225 989 uerbosnprn
1249 863 1356 994 ¹(pag.
1376 885 1444 968 IX.
1471 883 1512 964 in

95 1035 247 1134 nnnot)
274 1037 366 1112 sunt
392 1032 525 1112 citata.
580 1029 759 1114 Alterum
783 1011 1054 1112 commemorat
1079 999 1241 1132 epistole
1255 1027 1445 1111 Grimnldi
1471 1029 1512 1104 et

94 1173 272 1254 namus
310 1133 597 1272 (memnoni
623 1173 773 1274 sugas
810 1145 1005 1284 arvitus)
1027 1175 1077 1254 m
1116 1173 1402 1274 ragenerum
1442 1169 1511 1274 qus

92 1315 276 1418 magister
301 1315 516 1393 scholarum
543 1313 584 1392 in
612 1315 841 1395 monasterie
868 1317 910 1402 Β.
939 1316 1044 1399 Galli
1071 1317 1186 1394 loire
1219 1313 1386 1396 videtin.

82 1517 88 1528 .
208 1456 563 1538 »Praestantissimo
588 1461 630 1536 et
656 1455 840 1536 ineffabili
867 1457 1071 1540 dilectione
1097 1454 1327 1537 nominando
1355 1452 1509 1556 Regim-

90 1599 202 1680 berto
222 1596 458 1696 praeseptori
471 1591 699 1702 Grimaltus,
723 1599 915 1700 Tattoquo
935 1599 1104 1700 supremi
1122 1598 1338 1676 auditorum
1364 1599 1507 1674 vestro-

30 1829 35 1839 ,
89 1764 177 1818 rum
204 1738 380 1838 niseipui
414 1739 669 1839 omptume
708 1738 904 1820 reuersus
942 1739 1119 1824 errem.
1174 1735 1359 1817 umora
1390 1731 1536 1813 uuae·
1583 1741 1590 1754 ·
1694 1690 1707 1725 ”

6 1979 10 1986 ,
89 1881 378 1961 donassetne
405 1878 711 1981 animisnostris
738 1880 869 1960 sedrsso
895 1878 1108 1976 inhaerens,
1141 1878 1381 1957 immemores
1406 1875 1507 1978 peti·

89 2013 236 2102 tionum
263 2027 476 2103 nostrerum
501 2021 867 2122 promissionumque
883 2026 1099 2100 nostrerum
1115 2046 1191 2104 non
1204 2047 1286 2101 esse
1303 2019 1506 2120 permittit.
1593 2132 1596 2138 Ι
1688 2042 1735 2151 ζ,

87 2165 139 2247 Bt
166 2165 316 2243 utinam
342 2169 422 2242 tam
450 2164 710 2265 proficienter,
750 2187 867 2264 quom
896 2172 1101 2268 montanee
1137 2166 1241 2266 piam
1268 2167 1503 2246 voluntatem

86 2314 253 2389 vestram
282 2307 440 2406 implere
468 2306 728 2391 valuissemus,
784 2310 882 2386 ane
908 2307 1018 2386 vebis
1045 2307 1231 2412 Regulam
1257 2309 1361 2388 beuti
1384 2309 1504 2386 Bene-

84 2451 180 2529 dieti
216 2449 360 2553 egregii
387 2448 582 2544 Bostaris,
625 2475 739 2552 quam
774 2451 981 2530 benevolus
1018 2451 1167 2531 enimrrs
1192 2457 1320 2532 vester
1357 2478 1503 2532 summo

83 2617 231 2694 semper
258 2599 460 2692 optaverat
485 2592 684 2689 desiderio,
713 2594 931 2688 direximus,
958 2595 1130 2674 sensibus
1155 2603 1196 2678 et
1218 2596 1386 2700 syllanis,
1414 2622 1502 2675 neo·

82 2761 158 2816 non
185 2738 303 2816 etiam
342 2736 483 2820 litteris
519 2762 544 2815 a
582 2736 802 2834 supradicto
829 2737 962 2831 Patre,
1003 2736 1045 2817 ni
1083 2739 1278 2834 fallimur,
1316 2737 1505 2816 ordinatis

82 2880 238 2960 minime
266 2883 472 2974 serentem,
504 2903 602 2981 quee
627 2882 677 2958 de
704 2879 770 2959 illo
799 2879 1034 2980 transcripta
1060 2885 1118 2960 est
1145 2881 1373 2984 exemplare,
1401 2881 1502 2982 quod

80 3052 126 3106 en
154 3027 236 3125 ipso
263 3025 516 3126 exemplatum
545 3027 604 3102 est
630 3024 771 3116 codiee,
801 3049 914 3123 quem
942 3025 1076 3104 beatus
1095 3025 1211 3102 Pater
1237 3023 1355 3103 saeris
1381 3023 1503 3102 mnni-

43 3159 151 3254 .'bus
172 3168 249 3288 suis
273 3190 428 3247 exorare
449 3167 499 3246 ob
517 3167 727 3244 multorrnn
752 3165 956 3245 sanitatem
980 3167 1195 3245 animarum
1218 3165 1380 3246 curauit.
1428 3169 1504 3246 Illa
1531 3147 1551 3176 ⁸

81 3335 173 3413 ergo
199 3313 329 3408 verba,
357 3332 456 3411 quae
483 3307 727 3410 supradictus
747 3309 863 3386 Pater
883 3303 1090 3386 seeundum
1113 3315 1237 3412 artem
1266 3309 1383 3407 (siout
1407 3335 1504 3387 non·
1524 3359 1525 3362 κ
1672 3312 1675 3366 ÷
1778 3321 1779 3340 ¹

5 3485 11 3502 ·
80 3454 179 3533 nulli
203 3456 422 3548 autumant)
450 3451 491 3528 in
519 3455 740 3528 contextum
768 3451 935 3553 Regulus
973 3451 1086 3530 huius
1123 3476 1199 3532 uon
1238 3453 1419 3550 insumit,
1455 3454 1511 3531 de'

82 3593 169 3672 aliis
196 3593 351 3694 Regulis
376 3617 401 3670 a
429 3592 621 3670 modernis
658 3592 838 3672 comestis
864 3593 1062 3696 Magistris
1104 3595 1342 3691 colleximus,
1382 3604 1423 3677 et
1461 3599 1502 3675 in

80 3763 214 3838 campo
241 3736 447 3838 paginulae
474 3761 496 3815 e
534 3735 687 3836 regione
714 3760 798 3814 eum
838 3735 988 3816 dnobus
1022 3737 1175 3835 ponetis
1202 3739 1367 3819 inserere
1394 3764 1503 3818 eura

80 3875 217 3961 nunus.
274 3881 363 3980 Alia
390 3881 509 3959 etiam
537 3903 634 3979 quse
660 3905 687 3958 a
713 3881 919 3962 Benedieto
956 3880 1104 3961 dietata
1130 3889 1239 3978 sunt,
1278 3889 1318 3964 et
1345 3885 1386 3962 in
1412 3909 1503 3963 neo·

80 4019 210 4106 teritis
235 4007 393 4105 minime
420 4024 589 4119 inventa,
628 4024 736 4102 obelo
763 4033 803 4104 et
830 4027 984 4127 ponetis
1012 4026 1159 4104 duabsu
1185 4028 1501 4130 eonsignavimus.

81 4171 165 4250 Hoe
194 4169 341 4274 egimus
366 4169 623 4250 desiderantes
641 4194 707 4250 vos
721 4175 942 4272 *utrumque
964 4177 1006 4252 et
1026 4171 1233 4251 seeundum
1252 4171 1502 4252 traditionem

69 4301 135 4418 ¹pii
163 4314 302 4395 Putris.
315 4315 432 4394 etiam
470 4315 691 4394 modernam
729 4316 879 4394 habore
935 4314 1235 4416 augimentis,
1274 4316 1376 4416 quod
1398 4314 1502 4396 desi·

81 4459 244 4540 durabili
272 4459 459 4558 placuerit
486 4457 628 4543 animo.
684 4441 821 4538 Valete
847 4459 888 4538 in
916 4459 1119 4542 Domino«

191 4603 239 4681 ld
278 4601 540 4703 apographum
584 4602 686 4700 qnod
726 4600 892 4695 attinet,
938 4602 983 4682 P.
1022 4601 1277 4702 llarqnardns
1299 4599 1502 4707 ‚Herrgott

79 4748 213 4843 putat,
252 4742 443 4842 exemplar
470 4741 578 4819 enim
616 4741 679 4821 hie
709 4740 854 4821 mentio
898 4743 962 4836 fit,
989 4766 1048 4820 -ex
1074 4741 1141 4821 illo
1176 4747 1396 4850 apographo
1422 4769 1502 4825 esse

78 4886 320 4982 desumptum
335 4947 337 4954 .
351 4885 452 4985 quod
471 4883 753 4964 theodemarus
777 4863 918 4964 'entole
938 4885 1079 4986 Magno
1105 4885 1274 4969 miserat.
1330 4861 1502 4985 Epistola
1609 4883 1614 4896 '

78 5025 223 5124 seripto
249 5049 331 5104 esse
361 5027 515 5106 videtur
552 5052 628 5106 non
653 5027 779 5106 multo
815 5033 902 5128 post
927 5051 1070 5106 annum
1099 5030 1193 5112 817.
1231 5025 1347 5135 (conl.
1382 5031 1500 5110 Vrtur

78 5171 290 5276 discipline
317 5173 542 5265 moreestioo,
571 5195 659 5276 pag.
689 5167 777 5282 33.)
